3018 4716
595 443 815 514 -q'7'=..i

179 640 232 717 13,
249 641 278 704 3.
304 640 403 721 (fient.
425 641 501 724 Reg.
524 641 625 724 Lugd.
650 643 721 706 sint.
743 643 866 726 Peter.)
892 663 926 706 ex
950 644 1123 708 coniectura
1146 641 1217 709 Jor-

178 745 264 810 danii
289 747 340 824 55,
359 749 408 811 11.
455 748 489 812 ln
514 749 763 830 inscriptionibus
788 750 887 813 forma
911 749 987 813 siem
1012 751 1134 815 omnino
1158 771 1217 816 non

75 851 86 876 '
173 853 339 931 invenitur,
377 855 474 919 forma
512 857 570 919 sim
601 856 697 920 semel
732 855 764 920 0.
789 856 819 920 J.
844 857 879 920 L.
908 859 991 922 1220
1026 859 1136 922 aetatis
1168 860 1217 922 in-

173 962 288 1037 certae,
326 963 385 1026 siet
413 981 533 1045 semper
555 960 594 1026 in'
611 963 701 1026 inser.
729 965 802 1027 197.
831 965 903 1028 198.
932 967 1004 1028 199.
1028 967 1102 1030 200.
1140 985 1217 1047 quae

174 1069 258 1132 inter
281 1089 374 1134 anuos
402 1073 462 1135 13⁶2
489 1072 520 1134 et
547 1072 609 1135 110
639 1071 810 1152 insculptae
841 1074 920 1146 sunt,
957 1072 996 1134 sit
1030 1073 1162 1153 primum
1186 1074 1217 1137 in

173 1176 277 1259 elogio
304 1175 480 1259 Scipionum
503 1180 556 1253 34,
579 1178 616 1242 de
641 1179 727 1244 cuius
750 1180 850 1243 aetate
880 1179 963 1242 certo
993 1198 1052 1244 nou
1086 1181 1215 1258 constat,

178 1281 289 1348 deinde
313 1285 343 1348 in
365 1285 433 1368 lege
456 1286 542 1351 Julia
563 1285 744 1368 municipali
779 1287 823 1350 44
853 1305 879 1349 a.
907 1284 951 1363 0.,
989 1287 1051 1350 sint
1086 1287 1216 1368 denique

150 1390 312 1472 vprimum
339 1391 371 1455 0.
394 1393 423 1458 J.
449 1394 483 1457 L.
510 1395 584 1459 204.
611 1394 653 1457 70
670 1413 696 1457 a.
712 1391 755 1469 0.,
777 1395 866 1457 antea
890 1413 1011 1475 semper
1035 1395 1122 1459 sient.
1170 1397 1216 1460 lla
1267 1387 1268 1390 '

170 1497 430 1580 inscriptionibus
448 1500 545 1586 igitur
564 1501 709 1584 colligere
725 1502 835 1582 possis,
861 1501 957 1564 altero
976 1502 1045 1565 ante
1062 1500 1218 1568 Christum

130 1661 137 1674 .
170 1607 282 1670 natum
306 1608 427 1673 saeculo
451 1608 581 1672 formam
603 1609 772 1692 longiorem
802 1608 949 1672 usitatam
978 1608 1082 1674 fuisse.
1139 1609 1217 1675 (lum

170 1733 245 1778 vero
272 1715 335 1778 iam
369 1717 476 1797 poetas
512 1716 669 1780 scaenicos
704 1716 873 1780 recentiore
909 1715 1007 1779 forma
1042 1735 1114 1782 usos
1138 1737 1216 1783 esse

169 1823 306 1885 metrum
333 1823 484 1899 ostendat,
511 1813 598 1886 illam
620 1822 751 1886 formam
776 1821 901 1887 Catonis
934 1824 1037 1888 aetate
1069 1825 1215 1890 usitatam

169 1928 268 2004 fuisse
292 1931 427 2012 apparet.
474 1932 583 2011 Neque
616 1932 720 1994 tamen
758 1930 876 2007 dubito,
915 1932 987 2011 quin
1022 1932 1052 1994 in
1089 1931 1214 1998 catonis

169 2037 262 2100 libris
287 2057 408 2119 semper
431 2038 625 2102 scribendum
648 2038 704 2101 sit:
740 2038 809 2114 sies,
846 2037 913 2114 siet,
940 2037 1027 2114 sient,
1065 2040 1216 2120 quianon

169 2144 271 2207 metro
299 2147 422 2210 coactus
447 2146 512 2208 erat
526 2144 618 2209 modo
635 2144 712 2208 hanc
729 2145 819 2209 modo
840 2145 926 2208 illam
949 2145 1078 2209 formam
1102 2147 1215 2230 eligere

174 2270 273 2332 eaque
298 2252 335 2316 de
359 2271 451 2316 cause
474 2271 532 2316 non
554 2253 610 2328 est,
636 2273 690 2316 our
714 2253 772 2316 sibi
797 2270 857 2315 non
883 2253 1025 2326 constans
1050 2252 1152 2318 fuerit.

276 2360 384 2441 Neque
417 2361 497 2424 enim
528 2379 714 2441 quemquam
744 2360 917 2441 prosaicum
947 2360 1126 2441 scriptorem
1150 2363 1214 2426 tam

172 2467 398 2532 inconstantem
424 2487 500 2544 esse,
525 2472 561 2532 ut
583 2468 614 2530 iu
639 2467 744 2531 eodem
760 2467 915 2531 enuntiato
932 2467 1065 2550 primum
1082 2469 1211 2534 sormam

174 2573 244 2651 siet,
264 2574 373 2639 deinde
389 2575 519 2639 formam
533 2576 574 2638 sit
589 2575 724 2655 usurpet,
742 2593 923 2655 persuasum
940 2575 1047 2638 habeo.
1072 2575 1210 2652 Accedit,

170 2681 254 2762 quod
277 2683 375 2765 ipsios
391 2683 477 2747 verbi
493 2683 590 2746 torma
615 2683 696 2746 sies
720 2701 841 2764 semper
864 2683 894 2746 in
918 2682 1005 2746 libris
1021 2701 1094 2747 mss.
1120 2685 1211 2762 extet,

169 2789 254 2852 siet
277 2791 374 2853 multo
395 2791 517 2872 saepius
534 2809 626 2871 quam
650 2791 721 2866 sit,
748 2790 856 2853 sient
880 2791 910 2852 et
934 2791 1012 2854 sint
1028 2809 1124 2872 aequo
1149 2791 1211 2856 fere

170 2916 308 2961 numero.
358 2897 438 2977 Quid
462 2917 533 2962 vero
551 2896 587 2962 de
605 2897 703 2961 forma
725 2898 784 2961 sim
800 2897 995 2961 statuendum
1020 2897 1069 2974 sit,
1094 2900 1208 2978 nescio,
1254 2963 1256 2966 .

170 3003 245 3085 quia
267 3004 342 3068 haec
363 3005 463 3087 prima
487 3006 641 3068 contracta
665 3023 731 3068 esse
752 3003 883 3068 videtur.
933 3003 1032 3083 Quare
1069 3024 1127 3069 non
1153 3006 1210 3070 du-

169 3111 247 3188 bito,
289 3113 362 3194 quin
385 3113 428 3176 eis
468 3112 554 3187 locis,
596 3113 707 3192 quibus
729 3111 817 3175 libris
855 3130 928 3196 mss.
966 3113 1015 3187 sit,
1053 3113 1104 3190 sis,
1149 3114 1211 3179 sint

167 3219 304 3297 tradunt,
330 3218 456 3284 Catonis
479 3220 611 3283 sermoni
636 3220 776 3284 vetustus
798 3219 884 3282 oolor
908 3219 1062 3283 detractus
1088 3221 1137 3284 sit.

261 3308 390 3391 Formae
436 3327 554 3410 primae
591 3346 737 3409 personae
774 3325 936 3406 singularis
983 3326 1079 3390 futuri
1101 3329 1211 3393 activi

167 3434 279 3498 tertiae
300 3435 533 3516 coniugationis
567 3453 645 3515 quae
679 3435 710 3496 in
745 3434 823 3498 libro
849 3433 885 3496 de
910 3433 1099 3516 agricultura
1127 3436 1211 3500 etin

168 3542 248 3624 frgg.
270 3542 443 3620 traduntur,
469 3561 574 3606 omnes
595 3543 640 3606 ita
662 3542 856 3622 comparatae
881 3542 961 3618 sunt,
986 3543 1021 3604 ut
1044 3542 1209 3606 secuudum

167 3649 320 3714 rationem
361 3669 469 3714 aureae
507 3649 672 3713 latinitatis
708 3649 737 3712 in
761 3686 801 3694 —
826 3668 875 3711 am
917 3650 1033 3712 exeant.
1081 3650 1209 3713 Formae

168 3757 259 3823 sunt:
296 3757 405 3822 Dicam
437 3777 461 3820 r.
487 3778 510 3820 r.
534 3757 557 3834 1,
580 3760 599 3819 6
623 3775 722 3840 agam.
750 3756 883 3840 sigua,
909 3757 959 3820 10.
996 3758 1134 3838 coeptam
1157 3758 1208 3832 73,
1335 3827 1336 3831 ,

170 3865 222 3929 15.
261 3851 359 3928 dicam
392 3868 488 3941 77‚l.
526 3864 649 3927 mittam
673 3866 772 3940 21‚4.
811 3863 931 3928 vincam
968 3868 1019 3941 77,
1034 3865 1064 3928 3.
1112 3863 1210 3944 Atqui

169 3971 378 4051 Quintilianus
411 3972 486 4035 dicit
517 3973 540 4048 l,
568 3975 596 4047 7,
617 3971 658 4034 23
697 3969 813 4051 „quidl
845 3990 904 4035 non
941 3969 1018 4034 earo
1047 3970 1210 4034 Censorius

169 4079 293 4157 ‚dicam
318 4081 349 4143 et
371 4080 503 4157 ,faciam
536 4078 657 4155 ‚dicem‘
682 4079 713 4142 et
736 4078 867 4155 ‚faciem‘
904 4079 1027 4160 scripsit
1063 4076 1226 4142 eandem·¹
