2972 4710
539 453 783 522 -129-

153 659 223 723 erat
246 660 353 741 pabuli
369 679 476 743 genus,
499 662 581 743 quod
604 659 679 727 Cato
705 663 827 728 ocinum
850 663 949 728 10001.
976 662 1014 726 cf.
1037 683 1061 727 r.
1085 684 1108 728 r.
1135 665 1188 729 27.

141 765 222 829 adde
246 786 272 832 0.
298 768 349 831 54.

233 909 258 954 1.
282 910 306 953 1.
332 890 374 954 28
394 921 436 952 .-:
456 889 539 968 XVI,
572 893 623 968 33,
667 894 747 955 139:
795 888 966 972 depressus
1003 891 1120 957 advena
1158 895 1190 958 et

141 992 327 1060 difficillime
354 998 544 1062 nascentium
573 997 642 1075 fuit,
666 998 702 1062 ut
725 996 762 1062 de
787 1017 848 1078 qua
867 997 1027 1086 verbosius
1048 1000 1189 1082 saepius-

141 1122 204 1184 que
242 1123 334 1185 quam
369 1103 406 1167 de
441 1105 583 1168 omnibus
618 1104 687 1168 aliis
731 1103 903 1187 prodiderit
943 1103 1019 1170 0010
1051 1106 1187 1173 0111.

141 1213 197 1276 48.
227 1210 298 1276 151.

235 1335 314 1401 Plin.
339 1335 440 1412 XVII,
470 1337 518 1414 Il,
546 1335 830 1402 8301101011οο
855 1337 1004 1404 minorem
1028 1340 1114 1405 bima
1134 1360 1189 1406 100

140 1442 293 1506 maiorem
314 1442 407 1506 trima
428 1443 593 1508 transferre
629 1443 755 1524 quidam
790 1445 990 1526 praecipiunt,
1030 1447 1083 1511 alii
1118 1467 1189 1513 oum

140 1567 269 1612 manum
289 1549 450 1630 compleat,
473 1547 549 1614 0010
563 1551 743 1614 crassiorem
761 1551 896 1633 quinque
909 1550 1017 1635 digitis
1034 1553 1072 1617 ef.
1089 1556 1142 1632 28,
1158 1558 1188 1622 2.

140 1656 244 1733 XVII,
279 1657 339 1719 86:
388 1654 463 1720 0010
489 1674 593 1720 omnes
629 1657 737 1721 ventos
770 1657 802 1720 01
835 1656 967 1722 imbrem
998 1678 1120 1742 quoque
1156 1662 1189 1724 in
1300 1727 1304 1730 ,

141 1762 211 1826 1010
242 1761 441 1826 1101010110ῃο
478 1761 616 1826 damnat,
660 1763 701 1827 Et
739 1763 778 1827 ad
812 1764 888 1828 haec
919 1765 1059 1847 proderit
1096 1786 1189 1849 quam

143 1869 312 1952 plurimum
339 1869 448 1946 terrae,
471 1869 503 1932 in
528 1887 588 1950 qua
609 1869 752 1947 vixerint,
777 1870 932 1934 radicibus
957 1872 1119 1938 cohaerere
1154 1893 1189 1938 ae

141 1977 226 2040 totas
251 1976 386 2057 caespite
418 1976 635 2058 circumligari,
673 1996 743 2040 cum
764 1978 802 2041 ob
824 1976 857 2040 id
880 1976 955 2042 0010
981 1979 1011 2042 11
1044 1981 1188 2045 corbibus

141 2083 304 2147 transferri
325 2082 438 2159 iubeat,
456 2083 563 2165 procul
578 2083 670 2149 dubio
686 2083 857 2162 utilissime,
875 2085 928 2164 qui
939 2084 1023 2149 idem
1036 2105 1189 2152 summam

141 2191 258 2254 terram
283 2191 443 2254 contentus
465 2191 512 2254 est
538 2190 636 2255 subdi.
678 2190 716 2255 cf.
739 2192 792 2268 28,
820 2194 848 2254 1,
874 2195 904 2255 2.

235 2314 366 2394 denique
391 2313 489 2392 XVII,
517 2317 557 2380 87
591 2335 652 2396 qua
675 2314 793 2379 ratione
825 2314 856 2378 et
893 2315 1013 2396 reliqua
1050 2317 1189 2383 confessa

142 2422 330 2499 omittimus,
371 2422 462 2486 0101111
486 2423 599 2486 terram
636 2421 717 2486 circa
752 2420 871 2485 radices
908 2422 1028 2487 festuca
1070 2425 1187 2506 cospis-
1231 2474 1235 2480 .

145 2528 284 2606 eandam,
312 2527 394 2610 quod
418 2527 495 2592 0010
518 2529 652 2610 primum
675 2528 706 2591 in
732 2544 814 2592 0010
839 2534 1037 2609 0000001001,
1059 2531 1188 2616 plagam

141 2654 264 2715 quoque
288 2654 306 2698 a
326 2636 432 2700 trunco
450 2634 548 2699 oblini
573 2634 646 2699 fimo
663 2639 695 2698 et
712 2633 794 2699 foliis
810 2635 980 2720 praeligari
995 2637 1187 2720 praecipiens

141 2741 181 2805 cf.
207 2744 260 2819 28,
275 2744 304 2805 2.
329 2745 454 2805 29101
478 2742 609 2808 citatur,

233 2867 275 2930 30
301 2865 338 2930 de
362 2864 467 2930 fronde
490 2864 591 2930 bubus
622 2864 723 2930 danda
756 2865 821 2929 iam
846 2865 964 2930 dictum
996 2866 1053 2932 est.
1101 2868 1187 2932 Reli-

141 2991 238 3052 quum
262 2972 378 3036 citatur
402 2976 499 3053 caput
520 2991 570 3054 ap.
584 2972 664 3050 Plin,
688 2973 787 3050 XVII,
813 2976 873 3038 55:
899 2972 1057 3053 idemque:
1081 2972 1187 3058 (Cato)

141 3079 196 3143 ubi
225 3077 349 3144 saturus
384 3079 444 3144 0110
477 3078 676 3157 frumentum,
712 3099 784 3144 oves
819 3080 864 3143 ibi
900 3079 1065 3144 delectato.
1106 3081 1188 3160 quod

141 3186 263 3250 Plinius
297 3186 382 3263 dicit,
419 3186 474 3250 ubi
509 3189 636 3250 saturus
672 3186 732 3250 eris
767 3186 967 3265 frumentum,
1008 3185 1084 3251 0010
1123 3189 1189 3265 ,ubi

144 3293 307 3358 sementim
331 3294 471 3358 facturus
496 3294 576 3370 eris‘,
599 3293 636 3358 de
661 3312 716 3358 suo
737 3297 877 3359 mutasse
898 3293 1029 3358 videtur.

232 3439 256 3482 r.
281 3439 305 3482 r.
336 3420 376 3482 31
403 3449 442 3478 :
467 3416 547 3481 Plin.
575 3417 658 3495 XVI,
704 3417 779 3482 230.
839 3415 916 3483 0010
952 3422 1056 3483 100100
1096 3418 1187 3498 aqui·

142 3525 250 3603 folios,
270 3525 403 3602 laureos,
425 3524 545 3589 ulmeos
567 3524 635 3588 fieri
658 3524 747 3588 iubet
771 3525 808 3588 cI.
833 3545 858 3588 r.
877 3545 901 3588 r.
928 3526 980 3589 31.
1001 3525 1085 3603 XVI,
1105 3527 1187 3590 193:

142 3632 221 3697 0010
244 3633 404 3698 hominum
433 3650 571 3696 summus
606 3632 637 3696 in
668 3631 752 3695 omni
782 3651 839 3695 usu
880 3631 916 3694 de
938 3631 1080 3695 materiis
1111 3631 1188 3696 haec

142 3739 255 3804 adicit:
287 3739 409 3820 prelum
440 3757 475 3802 ex
507 3739 635 3820 sappino
665 3742 736 3802 atra
765 3737 963 3819 potissimum
995 3737 1101 3801 100110.
1138 3737 1187 3800 ul-

141 3865 251 3923 meam,
265 3845 398 3927 pineam,
416 3863 556 3920 nuceam,
573 3845 652 3908 banc
668 3845 762 3924 atque
780 3844 873 3909 aliam
889 3844 1053 3909 materiem
1066 3862 1189 3908 omnem

142 3972 212 4018 cum
249 3952 385 4030 effodies,
421 3953 498 4016 luna
534 3951 728 4016 decrescente
765 3952 893 4017 eximito
924 3953 996 4034 post
1027 3951 1189 4016 meridiem

142 4062 206 4126 sine
236 4063 329 4125 vento
366 4064 484 4124 austro.
531 4062 600 4123 tum
640 4059 701 4123 erit
739 4060 935 4141 tempestiva,
977 4077 1048 4123 cum
1085 4077 1189 4124 semen

1069 4179 1086 4232 9
