3018 4716
588 445 807 504 „77-

173 632 289 697 citatur
334 630 614 712 vetustissimisque
660 632 741 696 reeta
780 631 935 708 tribuitur,
984 651 1051 696 eum
1092 632 1213 715 praeter·

176 737 254 802 duos
277 738 361 802 locos
392 739 528 804 Pacuvii.
568 757 615 820 ap.
641 738 731 802 Ribb.
756 759 785 802 v.
812 742 874 802 136
898 740 929 804 91
952 741 1017 804 320
1053 741 1084 804 et
1118 759 1212 804 unum

174 845 345 910 Asellionis
392 846 484 924 Peter
518 846 588 910 bist.
626 846 714 910 Rom.
745 845 811 910 rell.
843 866 872 928 p.
900 849 972 924 119,
997 849 1026 911 9.
1064 848 1212 928 quantum

171 953 311 1016 invenire
335 953 483 1035 poteram,
507 972 565 1017 non
592 954 682 1031 extet,
708 953 766 1017 nisi
788 950 850 1017 Cio.
874 953 956 1038 legg.
982 954 1037 1030 ΙΙΙ,
1061 956 1091 1031 3,
1107 957 1136 1020 6.

266 1060 384 1124 Neutro
406 1079 564 1134 necessum
586 1079 640 1142 pro
664 1080 796 1137 neeesse,
828 1061 909 1142 quod
938 1061 1116 1125 adverbium
1146 1079 1211 1125 esse

173 1166 305 1245 videtur,
332 1166 407 1232 Cato
431 1187 504 1233 usus
529 1169 576 1233 est
611 1169 668 1252 frg.
698 1170 794 1247 3118,
817 1186 887 1232 cum
912 1171 997 1245 19,1
1035 1168 1122 1233 codd.
1160 1189 1213 1233 en-

175 1274 303 1340 hibaant
325 1295 457 1341 necesse.
1210 1294 1212 1298 ’

266 1384 406 1465 Denique
430 1384 615 1449 adiectivum
640 1402 725 1448 sacer
740 1383 868 1448 fortasse
893 1382 1061 1447 secundum
1077 1382 1212 1448 declina·

174 1489 291 1554 tionem
316 1492 440 1556 tertiam
463 1491 592 1556 cadebat
609 1491 667 1572 lrg.
695 1493 780 1569 45,3
806 1509 852 1572 ap.
875 1490 956 1554 Fest.
982 1510 1052 1574 pag.
1078 1490 1143 1555 318
1168 1491 1210 1554 M.

175 1617 364 1680 quamquam
399 1600 471 1681 quia
504 1599 591 1664 locus
622 1599 731 1664 misere
764 1598 925 1664 truncatus
954 1599 1002 1662 est
1031 1598 1108 1662 nibil
1140 1599 1215 1662 certi

175 1708 346 1770 asseverari
367 1708 478 1789 potest,
500 1708 680 1791 praesertim
705 1726 772 1770 oum
797 1706 924 1787 reliquis
948 1705 1023 1769 locis
1047 1707 1212 1770 secundam
1239 1701 1243 1708 ’

177 1812 413 1879 declinationem
438 1816 583 1896 sequatur
606 1814 644 1878 ci.
669 1814 725 1894 irg.
755 1817 848 1889 111.
872 1815 969 1890 48,1.
998 1815 1094 1889 65,1.

267 1922 300 1984 ln
333 1923 508 1986 universum
543 1923 581 1986 ad
621 1921 854 1985 declinationem
893 1921 1040 1984 nonnulla
1077 1919 1215 1984 addenda

176 2030 249 2092 sunt
272 2029 308 2092 de
332 2029 653 2110 91911111991191199,
689 2029 760 2109 quia
791 2027 866 2092 Cato
887 2028 926 2092 in
948 2027 1101 2091 nonnullis
1122 2045 1214 2092 vooa·

175 2135 259 2200 bulis
281 2137 393 2219 plurali
414 2137 520 2214 ut'tun
545 2137 598 2200 ubi
621 2137 841 2220 posterioribus
866 2135 1056 2216 temporibus
1078 2134 1215 2216 plorum·
1265 2135 1268 2142 ’

178 2263 239 2324 que
259 2244 420 2325 singularis
447 2246 512 2308 erat
532 2245 655 2321 usitata,
687 2245 718 2308 in
740 2243 895 2308 nonnullis
931 2243 1128 2325 singularem,
1163 2242 1216 2306 ubi

177 2351 284 2433 lingua
306 2352 421 2416 urbana
444 2351 592 2433 pluralem
618 2352 738 2417 tantum
763 2351 897 2435 agnovit.

273 2459 321 2522 lta
340 2459 522 2523 vocabulum
546 2460 645 2524 molae
669 2460 729 2524 nisi
750 2458 862 2540 plurali
885 2476 1010 2522 numero
1040 2475 1100 2520 non
1127 2475 1217 2521 usur-

179 2564 271 2646 patur
286 2585 310 2630 r.
327 2587 351 2630 r.
371 2568 421 2644 10,
436 2570 466 2630 4.
493 2568 543 2645 11,
558 2570 588 2630 4.
614 2567 688 2631 item
713 2567 791 2643 vina,
817 2566 852 2629 ut
876 2564 996 2629 diversa
1018 2564 1080 2628 vini
1102 2582 1216 2647 genera

176 2672 391 2755 significentur
422 2695 446 2738 r.
464 2695 488 2738 r.
529 2676 601 2738 141.
641 2674 765 2751 148,2;
802 2673 946 2736 audaciae
970 2670 1029 2755 frg.
1055 2673 1141 2747 87‚5
1177 2669 1215 2733 of.

176 2779 264 2843 Neue
290 2781 329 2856 11,
354 2801 423 2865 pag.
446 2781 522 2846 425.
570 2782 773 2863 Leguminum
798 2799 869 2844 vero
890 2778 1013 2843 nomina
1035 2778 1070 2870 ut
1093 2777 1214 2840 omnino

176 2887 206 2949 in
230 2886 335 2971 lingna
360 2889 470 2953 Latina
485 2890 529 2952 ita
553 2887 635 2971 apud
652 2887 797 2954 Catonem
822 2905 944 2968 quoquo
972 2903 1094 2966 semper
1108 2884 1216 2966 singu-

177 2994 285 3059 lariter
308 2996 492 3077 usurpantur
515 2995 553 3060 cf.
579 3017 602 3059 r.
633 3017 656 3060 r.
681 2999 754 3060 116.
788 2994 887 3071 35,1.
916 2995 1033 3065 1333.
1082 2991 1168 3055 Neue
1192 2991 1216 3065 Ι,

178 3103 254 3167 401.
302 3103 504 3167 Avocabulis
528 3103 621 3186 dapes
646 3104 677 3168 et
700 3121 807 3186 preces
822 3101 936 3177 contra,
962 3118 1040 3181 quae
1057 3099 1090 3162 in
1113 3097 1218 3178 lingua

178 3212 296 3275 urbana
322 3211 353 3275 et
377 3209 531 3275 Ciceronis
553 3212 653 3275 aetate
677 3209 809 3292 pluralia
833 3209 952 3272 tantum
979 3207 1059 3282 sunt,
1086 3204 1121 3268 ut
1137 3203 1218 3286 apud

179 3320 326 3385 Catonem
360 3337 481 3401 quoque
505 3318 720 3400 precesertat
737 3339 762 3381 r.
786 3337 810 3380 r.
839 3317 912 3392 139,
950 3313 1121 3397 permultae
1156 3311 1219 3374 for·

180 3447 246 3493 mae
271 3427 436 3511 singularis
466 3427 584 3490 numeri
617 3426 792 3490 derivantur
827 3422 913 3486 velut
945 3421 1020 3503 daps
1054 3441 1078 3482 r.
1096 3439 1119 3482 r.
1145 3421 1217 3496 132,

180 3540 209 3601 2.
237 3536 333 3612 50,2.
383 3533 454 3616 dapi
477 3553 502 3597 r.
527 3554 550 3596 r.
580 3535 696 3608 1321.
744 3531 852 3613 dapem
884 3549 908 3591 r.
933 3548 959 3593 r.
986 3528 1058 3591 131.
1098 3527 1215 3598 1311.

180 3645 258 3725 dape
283 3663 307 3705 r.
332 3664 357 3705 r.
386 3643 562 3717 13119.
599 3657 720 3720 precem
742 3637 800 3721 frg.
827 3637 937 3711 46,10
973 3653 1021 3716 ap.
1046 3633 1127 3696 1991.
1154 3632 1218 3695 242

179 3752 223 3815 M.
269 3749 306 3814 of.
338 3749 425 3813 Neue
458 3748 481 3825 Ι,
512 3749 586 3821 463,
612 3748 686 3810 414.
724 3762 798 3825 quas
830 3742 943 3807 formas
975 3740 1111 3805 vetustas
1143 3757 1219 3814 esse,

181 3858 290 3941 postea
314 3874 386 3920 vero
407 3856 437 3919 in
460 3855 566 3935 lingua
589 3853 708 3936 vulgari
732 3852 798 3915 sola
813 3851 949 3914 servatas
970 3846 1112 3924 ostendit,
1139 3843 1220 3926 quod

179 3983 308 4049 precem
345 3963 376 4026 et
416 3963 481 4044 ipse
524 3961 618 4024 habet
671 3958 785 4041 Appul.
822 3957 903 4022 Flor.
939 3955 1023 4032 XVI,
1061 3970 1130 4036 pag.
1165 3954 1218 4016 68.

181 4071 324 4157 Cyprian.
350 4089 396 4151 ep.
423 4071 474 4147 31,
499 4070 527 4133 1.
565 4065 788 4132 9919111919
812 4064 833 4128 l.
851 4083 877 4128 9.
925 4063 972 4127 119
996 4059 1144 4126 vocabulo
1168 4077 1220 4122 aes
