3018 4716
676 379 897 442 „10-

259 564 491 642 vocabulorum,
517 565 548 630 in
573 566 685 650 quibus
710 567 815 651 stirpis
838 567 933 632 exitui
955 569 965 632 i
988 568 1103 633 vocalis
1134 588 1193 634 non
1217 571 1303 635 ante·

260 670 352 748 cedit,
386 671 595 757 diphthongus
624 673 663 750 01,
698 692 776 754 quae
808 674 959 757 genuinus
994 675 1094 740 exitus
1132 677 1205 754 erat,
1241 677 1305 741 iam

261 778 488 861 antiquissimis
524 781 714 862 temporibus
750 782 781 844 10
808 781 819 844 1
846 782 967 844 mutata
1002 783 1049 846 est
1081 782 1119 846 of.
1152 783 1305 848 Bbcheler

259 906 289 969 p.
313 887 365 950 70.
413 886 447 950 10
465 888 674 970 compluribus
691 907 763 952 vero
780 887 1032 970 inscriptionibus
1044 889 1198 954 invenitur
1216 891 1303 974 geni-

261 994 319 1057 tivi
344 993 510 1078 singularis
546 995 645 1059 exitus
675 995 703 1058 ei
727 995 764 1059 ol.
797 997 883 1059 Neue
908 1015 937 1077 p.
960 998 1003 1059 84
1032 1015 1116 1077 sequ.
1153 998 1305 1062 Bdclveler

258 1123 290 1184 p.
319 1103 370 1165 70.
412 1099 474 1165 Sed
490 1101 635 1182 quoniam
653 1103 811 1184 inscriptio
836 1103 1055 1180 vetustissima,
1077 1103 1192 1167 ubihic
1205 1105 1304 1168 exitus

259 1210 356 1286 extat,
388 1208 499 1273 titulus
526 1209 735 1274 Mummianus
758 1211 814 1287 000,
850 1211 902 1291 qui
934 1229 1010 1274 anno
1035 1230 1061 1274 a.
1087 1231 1116 1275 0.
1144 1212 1301 1276 608-,-;0.

258 1315 292 1380 b.
323 1318 384 1380 145
410 1315 508 1398 lapidi
531 1317 705 1400 insculptus
731 1319 785 1395 000,
809 1317 910 1382 010000
931 1336 982 1381 000
1012 1319 1175 1401 genitivos
1197 1319 1303 1400 quales

261 1423 343 1506 apud
369 1420 518 1487 Catonem
551 1424 696 1504 leguntur
732 1425 974 1502 10100000000,
1008 1427 1090 1489 recte
1126 1445 1158 1490 se
1181 1425 1302 1490 habere.

261 1530 364 1594 Aliter
397 1549 446 1595 res
486 1550 518 1595 00
557 1530 651 1595 habet
690 1532 718 1595 in
754 1533 962 1610 nominativis
1005 1533 1126 1610 dativis,
1161 1533 1304 1597 ablativis

261 1637 389 1719 pluralis
434 1640 465 1701 et
511 1639 697 1720 simplicium
745 1639 895 1703 secundae
950 1639 1161 1704 declinationis
1213 1659 1303 1704 voca-

259 1744 403 1809 bulorum
448 1746 478 1809 et
532 1764 647 1823 eorum,
700 1765 778 1827 quae
834 1747 921 1838 stirpi
967 1745 1110 1810 suffixum
1142 1747 1301 1810 —io—

261 1852 441 1936 adiungunt.
489 1853 610 1917 Etenim
645 1853 678 1916 hi
711 1872 798 1917 00000
832 1854 863 1917 10
899 1854 1040 1918 omnibus
1076 1855 1107 1917 et
1148 1854 1302 1938 fragmen-

261 1961 364 2024 torum
390 1960 421 2024 et
443 1959 515 2023 libri
540 1958 576 2023 de
599 1959 788 2044 agricultura
817 1961 893 2024 locis
922 1961 986 2025 sine
1010 1961 1075 2024 ulla
1100 1959 1306 2044 discrepantia

260 2068 291 2131 in
318 2105 359 2114 —
384 2067 395 2130 i
423 2104 463 2113 —
488 2067 538 2131 vol
562 2105 603 2114 —
629 2067 652 2130 ii
677 2068 768 2131 ot-
793 2068 820 2131 10
844 2067 894 2132 001
919 2105 960 2114 —-
985 2067 1024 2131 iis
1047 2069 1157 2132 exeunt
1178 2069 1303 2151 excepto
1361 2080 1363 2084 ·

261 2173 397 2238 ablativo
423 2174 543 2258 negotis
566 2173 674 2255 fragm.
703 2176 754 2253 60,
780 2179 810 2238 4.
859 2173 937 2238 Cum
959 2193 1030 2240 vero
1061 2174 1176 2238 vetusti
1205 2176 1304 2239 oritus

259 2319 299 2328 -
319 2281 347 2344 ei
373 2281 422 2345 vel
440 2319 479 2327 —
497 2281 538 2345 ici
563 2283 594 2345 00
609 2317 648 2328 -
665 2282 708 2346 eis
732 2282 780 2346 vel
796 2320 836 2328 —
851 2282 917 2359 1010,
944 2301 1019 2363 quos
1040 2280 1209 2360 00000001,
1230 2284 1303 2360 750,

265 2389 339 2466 750,
368 2390 433 2453 760
456 2389 620 2470 permultis
643 2389 878 2472 inscriptionum
894 2389 970 2453 locis
987 2389 1156 2466 confirmat,
1181 2389 1304 2454 demum

180 2563 181 2567 ,
261 2497 333 2561 inde
356 2516 373 2560 a
398 2496 605 2561 Gracchorum
636 2497 773 2578 tempore
808 2515 879 2560 oum
914 2496 1134 2560 recentioribus
1159 2498 1232 2560 -i
1256 2497 1305 2561 vel

262 2603 364 2667 —iis
389 2604 420 2667 et
444 2640 485 2648 —
510 2603 537 2666 is
569 2603 619 2667 vel
645 2604 748 2666 —iis
781 2604 964 2667 commutari
1001 2604 1102 2686 coepti
1138 2605 1208 2681 sint,
1253 2605 1306 2685 qui

261 2711 340 2775 oiroa
366 2710 523 2774 Christum
545 2710 652 2773 natum
676 2709 801 2774 demum
832 2710 913 2792 apud
946 2729 1052 2776 omues
1087 2711 1195 2774 usitati
1232 2711 1305 2775 facti

270 2820 350 2895 sunt,
377 2818 511 2881 dubitari
535 2837 594 2881 non
618 2818 731 2899 potest,
757 2818 832 2897 quin
856 2818 999 2882 similiter
1021 2820 1112 2899 atque
1136 2808 1175 2882 ex'
1195 2818 1307 2882 Plauto

265 2925 515 3008 (0000000112,
542 2926 619 3009 700)
650 2943 684 2989 ex
708 2923 832 2988 Catonis
858 2944 978 3007 quoque
1012 2927 1175 2990 verborum
1202 2925 1306 2990 ordine

261 3051 367 3096 omnes
391 3033 449 3096 hae
472 3032 588 3096 formae
614 3033 757 3115 expulsae
782 3032 852 3095 0100.
901 3033 987 3097 ldem
1017 3032 1148 3114 quadrat
1180 3033 1218 3096 ad
1246 3033 1306 3096 da·

262 3141 342 3204 01000
367 3140 398 3204 00
420 3139 573 3205 ablativos
598 3140 817 3205 vocabulorum
840 3141 957 3222 primae
981 3139 1203 3204 declinationis.

354 3251 387 3312 In
414 3248 616 3312 declinatione
639 3249 733 3312 tertia
756 3247 837 3328 quod
862 3248 973 3312 attinet
995 3247 1033 3311 ad
1056 3248 1206 3312 rationem
1231 3249 1306 3312 sori-

260 3355 361 3433 bendi,
396 3356 549 3420 tractandi
585 3358 656 3420 sunt
680 3356 865 3420 nominativi
899 3355 930 3420 et
966 3356 1135 3420 accusativi
1167 3357 1305 3438 pluralis.

263 3463 393 3528 Constat
416 3465 552 3528 multum
576 3465 730 3548 cogitasse
760 3464 879 3527 veteres
903 3464 1122 3547 grammaticos
1150 3463 1187 3528 de
1208 3463 1307 3528 nomi·

262 3572 376 3636 nativis
401 3573 432 3636 et
456 3571 639 3636 accusativis
663 3571 792 3654 pluralis
821 3571 950 3648 numeri,
988 3571 1040 3652 qni
1075 3570 1167 3635 modo
1192 3571 1308 3635 exitum

262 3717 302 3725 —
321 3699 362 3756 es,
390 3679 479 3742 modo
505 3678 621 3742 exitum
636 3715 674 3724 -
689 3679 716 3741 is
730 3679 889 3760 praebent,
913 3678 959 3741 ita
975 3679 1011 3740 ut
1032 3680 1146 3742 certam
1167 3677 1308 3761 regulam

262 3787 350 3868 sequi
374 3806 432 3851 non
455 3785 629 3851 videantur.
655 3787 836 3870 (1100002,
864 3788 1029 3866 0460000.
1055 3784 1227 3849 Brambach
1244 3785 1306 3848 140

204 3943 207 3952 ,
263 3894 362 3978 sequ.)
398 3893 501 3957 Facile
524 3893 634 3957 dixerit
658 3893 812 3975 quispiam
829 3894 944 3958 exitum
970 3931 1009 3940 -
1027 3893 1054 3957 is
1080 3893 1123 3956 eis
1146 3891 1308 3977 vocabulis

264 4022 330 4067 0000
354 4000 560 4078 tribuendum,
588 4019 717 4083 quarum
734 4001 829 4084 stirps
849 4001 973 4066 ivocali
990 4000 1197 4080 concludatur,
1215 3999 1308 4080 idque
