3018 4716
582 431 818 522 x--eo--

191 641 261 686 nam
285 621 390 686 Plauti
415 622 504 687 codd.
529 621 672 687 exhibent
702 623 852 700 carnufex
880 623 1072 701 carnufioina,
1099 641 1229 708 magnu-

190 729 260 794 fioo.
287 749 473 812 quamquam
496 731 527 794 in
551 731 600 794 bis
624 731 781 796 vocabulis
801 731 863 796 iarn
888 731 1018 796 vetustis
1040 732 1231 814 temporibus

192 855 212 900 u
236 837 267 900 in
290 837 301 899 i
324 838 478 902 mutatum
503 857 569 903 esse
589 840 695 922 negari
717 858 776 903 uon
800 839 912 922 potest.

284 945 431 1026 Denique·
445 945 590 1028 pontufex
615 946 810 1010 scribendum
835 947 882 1011 cst
904 945 962 1028 frg.
988 948 1111 1038 1616.Ι
1135 951 1186 1026 27,
1201 949 1231 1027 5,

195 1050 268 1131 quia
291 1051 412 1134 saepius
446 1052 478 1116 in
509 1053 761 1135 inscriptionibus
793 1053 947 1118 invenitur
970 1053 1007 1117 of.
1033 1053 1065 1118 0.
1094 1055 1124 1120 J.
1152 1057 1181 1120 1.
1207 1057 1232 1136 Ι,

194 1177 223 1238 p.
272 1157 346 1235 590,
387 1160 444 1223 col.
478 1162 507 1224 2.
542 1162 573 1223 et
613 1159 718 1225 Plauti
766 1161 983 1242 manuscriptis
1028 1161 1234 1229 confirmatur.

196 1263 392 1347 (Corsseul2
409 1268 499 1352 335.)
534 1268 646 1332 Utrum
662 1286 732 1332 vero
759 1269 932 1351 surripio
956 1269 1038 1333 recte
1057 1289 1089 1334 se
1112 1269 1233 1350 habeat,

198 1373 280 1454 quod
303 1375 419 1459 legitur
440 1395 464 1438 r.
490 1395 514 1438 r.
542 1377 626 1453 67,2
652 1395 689 1439 an
714 1376 914 1459 surrupio‚
941 1376 1022 1458 quod
1038 1377 1236 1442 confirmatur

195 1481 288 1547 titulo
313 1481 345 1548 0.
369 1484 399 1548 J.
425 1485 459 1548 L.
487 1484 617 1561 603,14
640 1502 676 1547 ex
697 1501 773 1547 anno
793 1485 840 1566 ι58
866 1503 891 1547 a.
919 1483 952 1548 0.
979 1485 1010 1547 et
1032 1483 1139 1550 formis
1163 1474 1239 1550 sub?

195 1610 316 1672 rupere,
359 1591 570 1673 surrupticius‚
623 1590 755 1672 derupis
779 1667 783 1674 ι
809 1592 962 1674 surrupui,
1006 1593 1234 1676 surrupticium,

197 1699 325 1781 eruptus
350 1699 419 1763 aliis
443 1699 480 1762 cf.
508 1697 817 1777 consenuerat,
846 1698 1014 1764 diiudicare
1038 1719 1096 1764 non
1130 1701 1236 1779 audeo,

198 1805 272 1886 quia
299 1805 419 1870 nullum
452 1807 535 1871 extat
565 1808 748 1889 exemplum,
781 1825 850 1890 ,quo
883 1805 1030 1871 Catonem
1068 1809 1098 1872 in
1134 1809 1238 1892 stirpis

199 1913 327 1998 syllabis
365 1932 487 1995 quoque
526 1915 706 1979 vocalemu
740 1915 840 1992 pooali
860 1915 871 1978 i
894 1915 1020 1998 propter
1054 1935 1184 1998 sequens
1218 1937 1238 2002 p
1360 1927 1365 1936 '

198 2021 383 2104 praetulisse
417 2021 621 2086 demonstrari
651 2003 758 2106 possit.
807 2023 948 2104 Denique
985 2041 1171 2105 quamquam
1205 2024 1238 2090 0.

199 2127 230 2192 J.
256 2129 290 2192 L.
321 2132 390 2206 196,
417 2132 459 2194 26
488 2130 640 2213 scriptura
673 2131 847 2214 caputalem
883 2131 912 2195 iu
944 2131 1066 2195 vetusto
1102 2132 1240 2197 sermone

202 2236 348 2300 vocabuli
386 2238 478 2320 eaput
513 2239 650 2303 vocalem
680 2258 700 2302 u
735 2239 765 2302 in
802 2238 947 2302 derivatis
986 2239 1140 2303 servatum
1174 2259 1241 2304 esse

202 2343 346 2422 ostendit,
371 2344 474 2410 tamen
499 2345 535 2410 de
559 2346 687 2410 veritate
712 2346 880 2429 scripturae
907 2346 1076 2427 capitulum
1100 2368 1124 2411 r.
1148 2367 1171 2410 r.
1201 2349 1241 2412 18

202 2450 339 2515 dubitari
373 2453 489 2534 nequit,
530 2454 602 2535 quia
638 2453 650 2517 i
683 2454 799 2518 uocalis
846 2453 1041 2524 confirmatur
1084 2454 1241 2518 vocabulis

204 2555 312 2640 Capito
331 2560 361 2624 et
384 2561 572 2642 capitolium,
599 2580 676 2642 quae
693 2561 723 2626 in
741 2560 993 2645 inscriptionibus
1017 2559 1092 2625 satis
1111 2560 1242 2626 vetustis

204 2665 311 2730 extant
335 2667 373 2732 cf.
398 2666 527 2733 Corssen
552 2669 595 2732 po
616 2671 690 2734 334.

296 2774 379 2853 Quae
403 2775 518 2840 formae
534 2777 747 2858 pronominum
764 2776 896 2840 exitibus
912 2775 1061 2840 secundae
1087 2777 1117 2840 et
1133 2775 1243 2840 tertiae

206 2881 418 2948 declinationis
436 2882 668 2960 concluduntur,
695 2903 745 2948 eas
761 2884 885 2970 regulas
905 2882 992 2964 sequi
1009 2883 1244 2948 consentaneum

206 2991 265 3066 est,
292 3009 367 3071 quas
392 3011 483 3074 supra
507 2991 544 3056 de
561 2991 762 3056 substantivis
783 2991 891 3055 harum
912 2990 1150 3055 declinationum
1171 3009 1245 3068 oon-

207 3093 375 3162 stituimus.
424 3099 525 3177 Quare
550 3117 671 3182 semper
694 3100 869 3180 expectares
892 3098 922 3161 in
946 3097 1048 3162 dativo
1082 3097 1246 3183 singularis

207 3207 264 3284 eei,
287 3206 363 3283 illei,
388 3206 476 3288 ipset
502 3207 609 3272 alterei
630 3207 686 3271 cet.
706 3207 737 3270 iu
751 3205 939 3270 nominativo
963 3204 1109 3287 pluralis:
1134 3205 1170 3284 ei,
1195 3205 1245 3284 iei,

207 3315 282 3393 illei
308 3314 390 3393 isici,
416 3315 504 3396 ipset,
532 3315 612 3396 quei.
636 3314 696 3392 hei,
722 3315 752 3378 in
777 3313 882 3377 dativo
907 3314 937 3377 et
961 3312 1096 3376 ablativo
1119 3313 1248 3395 pluralis

210 3423 281 3500 eois,
320 3422 412 3499 illeis,
448 3422 545 3500 istrie,
581 3422 656 3499 heis,
695 3421 819 3486 alteruis
845 3420 902 3484 cet.
950 3419 1133 3484 Dativorum
1171 3419 1246 3497 illei,

210 3531 297 3612 ipset,
321 3530 394 3594 istei
416 3530 447 3594 in
467 3529 718 3612 inscriptionibus
749 3528 794 3591 rei
825 3525 967 3610 publicae
995 3526 1110 3590 liberae
1139 3526 1248 3590 aetatis

211 3639 350 3720 exempla
373 3657 433 3702 non
459 3637 573 3714 extant,
600 3635 654 3702 sed
679 3635 895 3700 confirmantur
912 3633 1014 3698 dativo
1039 3631 1147 3698 aleiC.
1165 3632 1195 3698 J.
1213 3633 1247 3696 L.

213 3749 286 3813 206.
313 3747 370 3812 col.
397 3748 450 3812 98.
480 3747 574 3812 1277.
621 3744 651 3810 1.
677 3745 714 3808 R.
739 3743 778 3807 N.
805 3744 902 3807 4616.
941 3742 972 3806 et
1007 3739 1114 3804 alterei
1146 3739 1195 3803 bis
1218 3739 1249 3804 in

212 3857 280 3942 lege
317 3853 554 3938 repetundarum
594 3850 626 3915 0.
651 3852 680 3916 J.
706 3851 741 3913 L.
775 3851 798 3913 I.
834 3851 897 3914 198
937 3848 994 3913 ool.
1034 3850 1086 3911 76.
1130 3847 1170 3910 87
1210 3846 1250 3910 of.

173 4009 178 4018 ·
215 3964 346 4030 Corsseu
369 3964 423 4040 12,
450 3964 523 4026 731.
561 3959 658 4044 symb.
685 3957 752 4022 crit.
777 3956 825 4020 ad.
855 3975 919 4020 voc.
953 3955 1021 4019 Irat.
1058 3953 1145 4018 form.
1180 3971 1251 4038 pag.

215 4075 278 4138 295
302 4089 387 4152 sequ.
