2972 4710
587 395 830 472 —141-

188 610 226 655 ne
252 610 330 656 ares.
366 593 550 676 tempestive
580 612 657 658 ares.
677 632 719 684 -f
735 595 815 660 Plin.
839 597 939 674 XVII,
965 598 1045 662 126:
1071 597 1236 683 diligenter

190 697 327 762 eximere
363 699 463 764 oleam
495 701 616 782 oportet
648 701 679 765 ot
713 701 831 766 radices
864 704 1127 786 quamplurimas
1164 725 1235 770 cum

187 805 271 868 terra
293 805 381 882 ferre,
407 808 460 870 ubi
478 807 597 871 radices
619 810 695 872 bene
729 809 894 892 operueris,
931 810 1051 876 calcare
1074 812 1160 891 bene,
1197 831 1235 878 nc

189 909 264 991 quid
287 913 416 977 noceat.¹
446 913 557 993 siquis
575 919 713 995 quaeret,
737 915 819 996 quod
835 921 960 998 tempus
976 917 1063 982 oleae
1086 919 1232 984 serendae

189 1017 240 1096 sit,
270 1037 346 1102 agro
369 1021 450 1086 sicco
473 1040 528 1103 per
553 1022 726 1101 sementim,
751 1041 825 1106 agro
848 1023 931 1088 laeto
951 1037 1092 1108 persor.

278 1127 352 1191 ibid.
369 1129 432 1192 127
441 1150 448 1193 ;
472 1129 526 1210 qui
542 1129 659 1193 oletum
672 1130 851 1211 saepissime
865 1131 896 1196 et
912 1131 1063 1196 altissime
1080 1132 1233 1211 miscebit,

188 1231 216 1295 is
240 1234 437 1300 tenuissimas
460 1235 579 1300 redicas
609 1236 759 1301 exarabit.
797 1238 824 1302 si
859 1238 940 1302 male
973 1239 1082 1317 arabit,
1116 1239 1235 1305 radices

189 1358 296 1404 susum
316 1341 455 1421 abibunt,
482 1343 646 1408 crassiores
667 1343 742 1408 fient
766 1345 797 1408 et
820 1363 855 1408 oo
871 1344 902 1409 in
918 1345 1036 1410 radices
1053 1346 1134 1411 viros
1149 1335 1236 1413 oleae¹

190 1447 330 1512 abibunt.

280 1555 391 1620 Omnia
413 1555 489 1620 haec
521 1557 628 1621 extant
650 1556 683 1620 in
707 1558 807 1640 capite
830 1561 869 1623 61
908 1559 945 1624 cf.
972 1560 1065 1629 edam
1099 1579 1165 1642 cap.
1192 1563 1233 1627 28
1256 1645 1258 1648 ¹

189 1662 222 1726 et
245 1665 297 1726 27.
320 1662 374 1727 sod
397 1663 487 1728 valde
513 1662 630 1742 dubito,
655 1683 729 1728 num
751 1666 778 1730 is
806 1665 889 1744 ordo,
926 1667 979 1747 qui
1011 1685 1091 1731 nunc
1122 1669 1169 1733 est
1203 1668 1235 1732 in
1317 1678 1320 1686 '

191 1788 257 1852 cap.
287 1771 325 1833 61
351 1773 435 1834 recte
457 1788 489 1833 so
519 1769 641 1834 habeat.
690 1771 727 1834 Id
755 1772 837 1836 certe
870 1771 1074 1839 Schneidcrus
1113 1795 1143 1856 p.
1171 1759 1234 1838 128

187 1879 273 1942 recte
298 1876 374 1941 dicit
395 1877 489 1941 verba
524 1873 676 1960 ,agrum
701 1897 808 1942 -ne
840 1886 942 1944 ares‘
966 1880 1144 1945 collocanda
1168 1900 1234 1948 esso

189 1983 297 2048 statim
325 1975 396 2067 post
424 1986 518 2048 verba
550 1985 715 2063 ,tertio,
752 1986 1004 2064 stercorare‘,
1042 2005 1113 2052 nam
1141 1989 1235 2053 verba

189 2093 323 2155 catara
347 2091 504 2156 cultura
528 2092 587 2155 cet.
626 2091 711 2155 nullo
740 2091 831 2156 modo
855 2093 1039 2157 conveniunt
1062 2094 1101 2157 ad
1125 2113 1234 2177 agrum

189 2197 437 2262 frumentarium.
485 2197 668 2276 Ac'nescio,
694 2218 734 2262 an
756 2199 955 2281 praecaptum
977 2199 1072 2281 capiti
1097 2201 1161 2266 176
1183 2202 1233 2266 in-

188 2310 323 2370 sertum:
348 2306 421 2370 sunt
435 2305 466 2369 et
477 2305 525 2369 his
548 2324 620 2370 suae
641 2305 744 2389 leges:
765 2305 901 2370 lutosam
922 2307 1088 2372 terramne
1102 2308 1233 2388 tangito.

188 2411 220 2476 vi
241 2412 324 2476 omni
340 2412 435 2490 arato,
448 2411 628 2494 priusquam
642 2431 709 2477 ares
721 2412 920 2494 proscindito‘
937 2432 1015 2493 quae
1033 2413 1126 2478 verba
1141 2414 1234 2498 plano

190 2517 358 2584 Catoniana
396 2520 476 2599 sunt,
521 2519 581 2584 huc
620 2519 758 2601 quadres.
800 2521 882 2585 Tum
917 2519 1129 2603 subiungenda
1163 2522 1235 2586 sunt

188 2626 298 2692 verba:
323 2627 375 2709 qui
400 2626 553 2692 oletum
577 2627 825 2692 —abibunt

278 2734 411 2816 Reliqua
446 2753 517 2799 vero
553 2734 623 2800 inde
654 2754 672 2799 a
704 2734 920 2798 cultura—
939 2752 1036 2814 usque
1059 2734 1097 2800 ad
1121 2755 1233 2820 ,agro

107 2906 109 2909 ,
188 2841 301 2906 lacto
321 2861 388 2923 per
412 2846 490 2906 vcr‘
514 2843 620 2906 nostra
640 2840 765 2923 quidem
781 2842 935 2907 sententia
954 2842 1155 2907 recentiorem
1170 2842 1233 2907 for-

188 2967 271 3013 mam
296 2967 383 3031 capp.
403 2951 445 3014 28
463 2950 495 3014 et
509 2953 551 3013 27
585 2949 721 3014 indicare
745 2949 808 3014 iam
832 2950 1148 3026 commemoravimus,
1174 2968 1233 3029 quo

190 3055 288 3120 denuo
314 3054 512 3120 confirmatur
533 3055 564 3119 in
584 3056 680 3121 Plinii
711 3057 877 3138 exemplari
906 3057 970 3120 iam
1003 3056 1111 3121 eodem
1140 3057 1232 3121 modo

189 3182 249 3244 quo
272 3163 302 3227 in
318 3163 409 3242 libro,
436 3181 527 3245 quern
551 3182 606 3228 nos
626 3164 785 3241 habemus,
815 3164 986 3228 recentiora
1010 3165 1042 3228 ot
1062 3163 1234 3228 vetustiora
1262 3154 1263 3157 '

188 3270 354 3335 commixta
377 3270 482 3348 fuisse,
507 3289 578 3334 nam
603 3271 702 3349 XVII,
725 3273 777 3335 83.
799 3272 851 3335 86.
878 3273 919 3334 87
944 3270 1046 3353 capita
1069 3272 1111 3334 28
1135 3271 1167 3334 et
1191 3272 1232 3334 27

188 3377 275 3441 citat.

279 3502 366 3566 capp.
397 3485 438 3547 62
460 3484 492 3548 et
515 3486 557 3548 63
579 3501 638 3548 non
663 3483 805 3548 citantur.

278 3610 302 3654 r.
325 3610 349 3654 r.
373 3592 415 3654 64
437 3617 478 3650 .-.
500 3590 580 3654 Plin.
605 3590 673 3668 XV,
698 3593 729 3668 5,
754 3591 808 3653 21.

279 3697 381 3761 oleum
416 3696 448 3760 in
480 3697 619 3761 tabulato
643 3696 741 3760 minui
765 3695 962 3776 deteriusque
993 3694 1068 3772 fieri,
1103 3694 1180 3758 item
1201 3694 1233 3758 in

189 3821 313 3868 amurca
337 3804 369 3870 et
387 3803 418 3866 in
442 3803 577 3867 fracibus
600 3802 639 3867 af.
665 3822 689 3865 r.
714 3823 739 3866 r.
763 3805 815 3866 64.

278 3930 302 3974 r.
322 3929 347 3973 r.
374 3911 415 3974 65
439 3933 480 3964 ε
505 3909 573 3987 XV,
600 3912 629 3986 5,
652 3913 705 3974 21.
730 3909 783 3973 22.

279 4017 380 4082 cetero
396 4015 634 4098 quamprimum
657 4016 769 4082 eterra
784 4013 999 4100 colligendum,
1026 4013 1053 4078 si
1070 4012 1231 4094 inquinata
