3018 4716
561 451 779 510 ..qq-.-

146 653 247 717 quam
266 635 450 701 recentiores
471 635 758 719 ,voealsteigerung‘
783 635 950 711 nominant,
981 636 1104 700 auctam
1126 653 1192 699 esse

150 743 241 806 recte
264 740 438 819 02222221,
465 763 494 824 p.
510 744 574 807 420
601 742 747 824 disputet.
775 742 991 825 inscriptiones
1011 741 1195 805 vetustiores

144 849 288 914 vocalem
321 851 447 931 quartae
483 850 706 934 coniugatiouis
741 869 899 932 semper
928 868 982 932 per
1011 849 1022 912 i
1054 848 1197 928 exhibent

143 955 304 1040 (exempla
329 955 458 1022 Ocrssen
487 976 515 1039 p.
550 957 628 1041 722)
665 957 744 1021 unde
769 976 823 1020 suo
855 957 921 1021 iure
957 954 1087 1020 0222222
1123 975 1195 1020 222-

144 1062 251 1128 cludit
284 1063 362 1128 hano
385 1064 523 1128 vocalem
546 1064 711 1148 genuinam
736 1065 768 1128 21
796 1065 951 1128 vetustam
975 1081 1051 1139 2222,
1085 1063 1130 1127 112
1160 1064 1195 1127 21

144 1170 268 1235 formae
285 1170 399 1248 sarciri,
425 1191 449 1236 r.
467 1191 490 1234 r.
517 1173 580 1248 2,3
606 1171 718 1235 muniri
741 1172 782 1234 ib.
807 1171 915 1236 vinciri
938 1171 979 1234 ib.
1003 1170 1105 1235 venire
1127 1173 1193 1248 3,2

145 1278 216 1341 2122
243 1277 336 1341 dubio
359 1279 440 1342 recte
464 1296 495 1342 se
517 1277 659 1343 habeant.

241 1385 362 1450 Deinde
380 1385 495 1450 vocalis
517 1385 529 1449 i
551 1405 605 1467 per
627 1387 655 1450 21
689 1385 805 1467 scripta
837 1386 886 1449 cst
918 1385 949 1448 12
984 1384 1193 1468 compluribus

144 1491 297 1556 infinitivi
313 1493 484 1575 praesentis
500 1493 616 1575 passivi
640 1493 757 1570 formis,
780 1512 855 1573 quas
875 1491 1053 1556 0222222122
1070 1492 1196 1573 collegit

144 1601 168 1677 1,
197 1601 265 1664 722
294 1599 355 1664 ind.
385 1619 414 1682 p.
434 1601 508 1678 601,
535 1602 564 1664 2.
613 1600 727 1665 Omnes
765 1618 836 1664 vero
871 1599 1023 1677 infinitivi,
1061 1600 1114 1682 qui
1149 1600 1193 1663 ibi

144 1707 272 1771 collecti
296 1708 377 1785 sunt,
403 1708 564 1772 —omisit
587 1706 716 1772 Corssen
740 1706 927 1772 infinitivum
951 1706 1038 1771 ducei
1061 1709 1135 1785 205,
1161 1707 1191 1784 2,

145 1814 200 1880 51.
228 1834 255 1884 a.
270 1833 300 1878 u.
316 1815 425 1879 70521
448 1815 479 1878 iu
500 1815 570 1900 lege
581 1813 667 1879 Julia
679 1814 858 1896 municipali
876 1815 950 1892 206,
970 1816 1022 1878 64.
1050 1817 1142 1878 652.
1162 1834 1191 1878 u.

147 1923 212 1987 709
239 1957 280 1968 -
305 1922 336 1985 in
359 1922 610 2004 inscriptionibus
635 1922 747 1998 extant,
780 1940 858 2002 quae
889 1922 970 1984 inter
1000 1939 1094 1985 annos
1129 1921 1191 1986 123

146 2030 177 2092 21
201 2031 245 2093 45
271 2029 442 2111 insculptae
455 2031 536 2106 2221,
562 2049 632 2093 cum
654 2029 685 2092 12
702 2028 954 2110 inscriptionibus
971 2028 1193 2092 vetustioribus

149 2135 298 2200 infinitivi
327 2137 357 2199 12
383 2137 492 2201 -ier
526 2136 576 2200 221
609 2138 640 2200 12
666 2137 742 2199 -1
775 2136 896 2218 saepius
932 2154 1025 2217 qnam
1047 2136 1078 2199 iu
1098 2173 1140 2182 -
1165 2137 1192 2200 ei
1220 2147 1224 2156 ’

147 2243 351 2320 inveniantur,
386 2243 724 2308 undeformaminei
750 2241 874 2308 0212212
910 2242 1010 2307 221212
1046 2243 1193 2307 usitatam

148 2368 210 2414 non
233 2349 331 2414 fuisse
356 2349 497 2414 efficitur.
547 2350 584 2415 cf.
610 2349 740 2415 0222222
764 2351 808 2413 11
831 2370 861 2432 p.
887 2351 950 2412 722
972 2368 1057 2430 sequ.
1104 2350 1192 2415 Neue

148 2457 206 2519 112
229 2478 261 2540 p.
284 2458 349 2522 406
374 2476 459 2539 sequ.
506 2458 618 2522 Forma
641 2457 786 2522 12-122
809 2455 890 2539 apud
915 2454 1064 2522 Catonem
1088 2457 1136 2521 bis
1159 2458 1190 2521 in

150 2562 237 2627 libris
260 2583 336 2628 mss.
362 2566 483 2629 servata
507 2565 567 2634 est:
600 2564 741 2649 peragier
768 2563 826 2648 frg.
850 2566 902 2640 27,
917 2563 946 2626 2.
984 2563 1116 2628 viderier
1141 2567 1190 2643 18,

154 2669 247 2734 1612
273 2670 367 2735 Gellii
397 2671 522 2753 quidem
551 2672 661 2749 verbis,
699 2671 754 2735 sed
788 2674 852 2735 2122
884 2670 977 2734 dubio
1009 2689 1045 2734 22
1078 2670 1191 2737 021222

154 2776 332 2860 desumptis.
381 2778 489 2860 Neque
513 2779 616 2843 tamen
641 2778 711 2843 inde
737 2777 917 2842 concludere
941 2777 1015 2842 11221
1045 2777 1191 2843 Catonem

153 2901 209 2947 222
230 2885 293 2948 2121
317 2885 374 2949 bac
398 2885 496 2950 forma
524 2905 615 2950 usum
644 2905 719 2962 esse,
756 2904 826 2950 cum
861 2884 942 2966 apud
977 2884 1124 2948 Plautum
1161 2888 1192 2950 et

157 2989 332 3056 Terentium
356 2992 486 3057 formam
511 2994 633 3058 brevem
659 2993 854 3057 usitatiorem
878 2991 973 3056 fuisse
996 2993 1095 3056 metro
1120 3011 1192 3057 222-

161 3095 301 3176 1222122,
325 3098 555 3184 formalongicr
578 3100 637 3164 uisi
660 3100 693 3163 12
717 3100 800 3164 exitu
820 3117 926 3164 versus
952 3098 1032 3180 apud
1045 3099 1193 3165 Plautum

160 3221 214 3268 222
246 3205 427 3284 inveniatur,
463 3207 508 3271 ita
537 3208 572 3271 u't
610 3208 672 3270 iam
709 3206 950 3271 obsolesceutem
990 3205 1085 3271 fuisse
1121 3226 1192 3272 cou-

41 3383 42 3394 .
161 3309 236 3375 cludi
258 3314 366 3396 possit.
414 3314 501 3378 Neue
522 3314 594 3392 112,
619 3335 649 3397 p.
673 3315 749 3378 407.
797 3314 939 3378 Fortasse
964 3333 1035 3378 vero
1055 3315 1112 3379 boc
1136 3317 1191 3380 1112

162 3414 230 3496 1222,
254 3421 306 3485 ubi
323 3440 378 3485 nos
401 3439 481 3485 2222
504 3420 634 3486 formam
658 3421 829 3486 breviorem
853 3420 995 3505 legimus,
1021 3420 1096 3486 0212
1122 3422 1190 3487 lon-

165 3524 269 3601 giorem
293 3529 425 3612 scripsit.

244 3635 380 3718 Denique
404 3637 555 3718 scriptura
579 3637 682 3719 cipro
706 3637 717 3700 i
741 3636 894 3701 invenitur
925 3637 956 3700 12
994 3639 1103 3719 prima,
1142 3659 1190 3704 se-

169 3739 264 3818 cunda,
284 3744 374 3809 tertia
397 3763 527 3826 persona
549 3743 678 3826 perfecti
693 3744 795 3821 221121,
821 3764 950 3825 quarum
973 3746 1070 3810 exitus
1094 3765 1190 3826 quon-

171 3841 231 3908 dam
250 3848 353 3942 longos
376 3851 472 3916 fuisse
496 3853 625 3916 2222121.
676 3853 912 3935 inscriptionum
935 3853 1019 3918 locos
1049 3853 1117 3919 vide
1140 3874 1188 3937 ap.

172 3945 343 4022 Corssen12
365 3963 429 4024 724
462 3979 546 4041 sequ.
596 3960 789 4042 Quamquam
823 3963 856 4027 ei
890 3963 952 4026 iam
984 3963 1014 4026 12
1040 3962 1190 4044 Scipionis

177 4055 260 4142 elogio
280 4067 328 4132 38.
362 4067 547 4133 20139.
576 4071 637 4133 551
677 4088 703 4132 a.
730 4067 860 4134 0132.
900 4073 973 4134 541.
1000 4091 1026 4135 2.
1052 4069 1085 4134 O.
1125 4073 1191 4137 145
1305 4099 1308 4106 ·
