3018 4716
744 411 966 470 ..44-

333 597 379 661 ita
402 597 433 661 in
458 597 672 681 coniugatione
698 596 878 662 etiamtum
909 597 982 680 post
1005 596 1212 662 Gracchorum
1237 597 1385 678 tempora

334 703 451 768 formae
475 705 505 768 in
519 742 559 750 —
574 725 593 767 v
607 741 646 752 —
665 706 727 781 ont,
752 723 827 766 u-
844 705 896 768 ont
919 704 1001 768 solae
1020 703 1051 766 in
1065 704 1317 785 inscriptionibus
1331 704 1384 767 in-

268 865 272 872 .
335 811 503 877 veniuntur
527 812 558 876 at
581 812 685 876 Plauti
708 812 796 876 libris
819 831 892 875 mss.
918 810 1146 876 confirmantur.
1183 811 1220 874 51.
1246 809 1404 875 Corsseu'

333 919 394 981 11²
434 921 496 982 176
534 937 619 1000 sequ.
679 918 780 998 Quare
815 917 928 982 formas
951 918 1058 983 vivunt
1079 917 1138 1002 frg.
1170 919 1221 982 88.
1260 921 1290 982 9.
1329 937 1383 1000 ap.

333 1025 417 1089 uest.
440 1047 471 1110 p.
499 1029 561 1089 177
598 1026 631 1090 Μ
667 1027 698 1090 51
733 1028 876 1090 55511111
911 1025 969 1109 srg.
1004 1027 1054 1101 14,
1078 1025 1107 1088 2.
1141 1043 1203 1088 151
1237 1026 1321 1089 15515
1349 1043 1385 1087 55

333 1131 456 1209 habero,
494 1132 549 1197 551
573 1131 768 1198 scribendum
792 1151 859 1197 5555
885 1133 999 1208 vivont
1037 1133 1204 1213 sequentur
1239 1133 1384 1215 apparet.

336 1240 419 1323 lnter
444 1229 558 1304 1511155
581 1241 736 1305 breviores
759 1241 789 1303 iu
808 1277 848 1286 -
872 1260 920 1305 515
942 1241 973 1304 51
997 1240 1150 1323 longiores
1171 1240 1202 1302 in
1224 1277 1264 1285 —
1287 1239 1387 1303 eruut

335 1366 407 1411 voro
432 1367 467 1411 ea
490 1348 620 1414 interest
640 1349 729 1426 ratio,
760 1349 795 1412 ut
815 1350 876 1411 iam
897 1349 928 1411 in
952 1347 1053 1411 t'tulis
1077 1347 1296 1412 vetustissimis
1320 1346 1384 1410 1155

338 1453 454 1520 formae
494 1455 666 1537 promiscue
705 1456 909 1530 inveniantur.
975 1453 1053 1518 Cum
1098 1455 1177 1518 enim
1215 1454 1245 1516 11
1285 1455 1383 1520 inser.

337 1561 555 1628 vetustissimis
576 1561 608 1626 C.
634 1563 664 1628 J.
687 1565 721 1626 L.
749 1566 821 1627 177.
857 1564 930 1628 188.
966 1563 1037 1626 186.
1078 1564 1149 1626 185.
1187 1561 1301 1626 formae
1333 1562 1385 1626 lc-

338 1670 449 1752 gantur
472 1670 557 1735 velut
578 1669 671 1734 dadro
706 1672 768 1734 177
807 1669 1004 1734 151515188
1039 1670 1281 1734 55151515185.
1314 1671 1385 1734 186

338 1777 518 1841 consuluere
542 1779 603 1842 185
638 1778 722 1842 5111
748 1797 772 1841 s.
797 1797 822 1841 c.
850 1777 877 1842 d.
903 1777 939 1841 B.
974 1778 1082 1858 quater
1108 1776 1206 1840 forma
1234 1793 1385 1840 censuere

339 1883 409 1964 (col.
436 1885 466 1948 3.
488 1886 519 1948 9.
550 1886 598 1948 18.
626 1886 692 1969 28),
717 1885 747 1947 in
776 1884 882 1948 eodem
907 1884 998 1947 t'tulo
1033 1883 1128 1948 semel
1162 1883 1246 1947 51151
1279 1881 1385 1946 forma

337 1991 565 2055 cousuluerunt.
613 1990 740 2056 Corssan
770 1992 893 2073 151.
924 1992 997 2055 186.
1044 1991 1152 2070 Neque
1182 1991 1287 2052 tamen
1314 1990 1383 2054 ullo

337 2097 474 2180 tempore
498 2098 596 2162 151115
618 2099 721 2162 brevis
743 2099 886 2162 usitatior
913 2098 973 2161 fuit
1005 2117 1096 2178 quam
1127 2096 1232 2172 altera,
1262 2094 1316 2160 551
1349 2097 1384 2160 11

343 2204 474 2285 legibus
510 2225 587 2287 quac
611 2205 699 2269 uobis
732 2205 973 2282 5511515551111,
1010 2204 1180 2286 pleniorum
1212 2203 1385 2268 formarum

336 2331 481 2376 numerus
504 2313 603 2377 multo
627 2313 726 2377 maior
751 2315 807 2389 551,
841 2312 922 2377 unde
957 2313 1039 2376 15515
1064 2309 1218 2375 concludit
1249 2307 1384 2374 Corsscn

336 2419 357 2482 l.
384 2438 409 2483 5.
432 2420 487 2483 155
513 2419 627 2484 formas
652 2420 776 2504 linguae
801 2421 932 2484 urbanae
956 2420 987 2483 51
1009 2436 1118 2501 prosae
1135 2417 1281 2481 orationis
1306 2435 1384 2480 con-

281 2546 284 2552 ·
337 2526 492 2591 suetudini
512 2527 651 2610 proprias
682 2527 786 2604 111555,
825 2547 895 2591 oum
930 2527 1084 2591 breviores
1119 2524 1219 2608 magis
1254 2523 1383 2607 linguae

339 2633 474 2714 vulgaris
534 2638 637 2698 555511
684 2634 721 2698 51.
770 2633 832 2697 Cic.
880 2654 922 2697 or.
962 2633 1087 2708 XLVII,
1141 2634 1214 2695 157.
1278 2629 1384 2709 Quare

339 2740 515 2805 mirandum
538 2761 596 2806 non
616 2747 672 2818 551,
698 2740 779 2822 quod
795 2740 876 2823 apud
900 2740 1083 2805 15115115155
1099 2739 1206 2821 poetas
1223 2737 1383 2801 scaenicos

340 2850 372 2913 51
393 2848 576 2913 Sallustium
597 2851 852 2930 Frontonemqua
879 2866 955 2929 quos
979 2848 1117 2931 linguam
1147 2844 1312 2921 vetustam,
1345 2844 1383 2908 in

340 2976 400 3038 qua
420 2957 592 3039 permultae
617 2958 739 3038 linguae
755 2957 892 3039 vulgaris
916 2954 1112 3038 proprietatis
1137 2953 1275 3018 servatas
1296 2953 1380 3029 5111,

337 3065 476 3128 imitatos
499 3085 565 3129 esse
589 3066 709 3129 constat
732 3064 847 3128 formae
870 3065 900 3127 in
921 3101 962 3110 -
981 3082 1030 3127 515
1053 3080 1206 3144 persaepe
1221 3047 1379 3144 leguntur.

335 3173 373 3236 51.
399 3174 486 3237 Neue
511 3173 571 3235 112
595 3174 659 3237 389
683 3191 768 3253 sequ.
794 3171 953 3236 Corssenl
978 3172 1041 3236 186
1059 3189 1143 3251 sequ.
1192 3167 1380 3251 111551155-

336 3281 509 3346 mentorum
535 3282 685 3345 sermonis
709 3281 787 3345 ratio
817 3279 1014 3344 nullomodo
1051 3297 1120 3342 cum
1145 3295 1180 3340 eo
1216 3276 1378 3354 consentit,
1487 3307 1488 3310 π

337 3388 417 3470 quod
442 3389 582 3453 Dietzius
601 3389 631 3452 in
667 3389 745 3452 libro
780 3389 816 3452 dc
852 3387 1040 3468 agricultura
1073 3402 1211 3449 sermone
1247 3382 1377 3463 vulgari,

334 3498 365 3560 in
402 3496 572 3578 originibus
605 3497 636 3559 51
672 3497 860 3560 orationibus
902 3513 1039 3559 sermone
1079 3492 1194 3556 urbano
1230 3490 1378 3555 Catonem
1487 3479 1488 3482 '

335 3623 425 3668 usum
453 3623 520 3667 5555
545 3603 694 3684 disputat,
728 3605 823 3666 immo
849 3623 884 3666 ex
907 3603 1021 3668 Dietuii
1052 3600 1205 3665 sententia
1235 3599 1265 3662 in
1298 3598 1377 3662 libro
1487 3685 1488 3692 ἵ

337 3712 374 3776 15
399 3711 586 3792 agricultura
608 3710 721 3775 formas
758 3711 912 3774 breviores
935 3711 964 3773 in
988 3747 1027 3758 -·
1045 3728 1104 3786 515,
1136 3709 1165 3770 11
1195 3705 1377 3790 fragmentis
1487 3785 1488 3794 ἶ

335 3819 489 3903 longiores
520 3819 550 3881 in
575 3855 616 3863 ——
643 3821 740 3894 erunt,
763 3819 930 3899 exspectes.
979 3819 1025 3882 Ao
1052 3817 1162 3892 nescio,
1199 3834 1237 3878 an
1263 3813 1377 3877 formas

336 3929 534 4003 11-51511,
561 3946 637 4006 quas
660 3928 693 3990 11
717 3927 796 3991 libro
822 3927 858 3991 15
875 3927 1063 4010 agricultura
1080 3925 1222 4008 legimus
1247 3923 1278 3986 51
1293 3921 1376 4004 ipsas
1487 3915 1488 3984 ἶ

339 4036 540 4119 grammatico
565 4035 727 4116 posteriori
753 4035 928 4099 debeamus.
