3018 4716
658 453 878 528 -1'4-

253 657 345 734 —is,
370 675 428 721 non
453 675 529 740 opus
554 656 601 720 est
625 655 802 733 diiudicare,
838 673 909 719 uam
933 656 964 717 in
991 653 1212 718 vetustissimis
1243 653 1291 716 in-

247 764 466 847 scriptionibus
504 762 645 845 (Corssen
670 765 695 840 l,
736 765 800 827 746
836 781 920 844 sequ.
982 760 1152 825 Buecheler
1192 780 1221 841 p.
1248 762 1289 824 54

248 873 348 956 sequ.)
387 871 419 935 in
457 871 641 935 accusativis
680 870 811 953 pluralis
851 871 882 934 et
918 889 1023 933 eorum
1061 867 1290 944 vocabulorum,

248 997 380 1061 quornm
405 978 529 1062 stirpsi
553 978 653 1042 vocali
681 978 795 1055 finitur,
832 978 863 1040 ct
892 995 1007 1051 eornm,
1041 994 1171 1056 qnorum
1197 975 1291 1054 stirps

248 1086 432 1150 consonante
469 1085 670 1161 concluditur,
709 1085 808 1149 exitus
846 1085 969 1167 saepius
997 1121 1040 1130 -
1071 1082 1183 1156 esest,
1221 1100 1291 1145 cum

247 1193 341 1257 simul
377 1193 476 1256 exitus
501 1229 543 1239 -
570 1192 614 1256 eis
650 1192 823 1256 inveniatur
856 1191 891 1254 ut
921 1191 952 1254 in
983 1189 1128 1253 milliario
1165 1187 1291 1270 Popillii

247 1301 318 1366 anni
342 1320 368 1364 a.
388 1319 418 1363 u.
446 1300 509 1363 622
535 1317 561 1362 a.
585 1296 618 1362 O.
647 1301 719 1375 132,
751 1298 859 1362 deiude
884 1298 1006 1381 saepius
1029 1298 1061 1361 in
1084 1295 1291 1377 inscriptioni-

248 1409 305 1472 bus
336 1407 568 1490 posterioribus.
617 1405 709 1489 Apud
739 1406 887 1470 Plautum
922 1405 1084 1469 nonnullae
1112 1404 1227 1468 formae
1260 1403 1291 1467 in

251 1553 294 1566 -
320 1516 364 1579 eis
401 1517 545 1579 exeuntes
593 1514 718 1596 optimis
763 1514 851 1578 libris
884 1533 957 1577 mss.
995 1511 1213 1576 confirmantur
1251 1509 1289 1575 of.

247 1622 418 1686 Buecheler
438 1642 468 1704 p.
492 1621 545 1686 55.
593 1621 702 1685 Exitus
726 1657 763 1666 -
791 1621 818 1685 is
842 1625 966 1684 vernet
994 1620 1060 1702 ipse
1080 1619 1214 1702 primum
1243 1619 1290 1681 in-

246 1730 368 1795 venitur
392 1729 423 1792 in
449 1728 556 1793 eodem
584 1728 730 1792 milliario
759 1728 896 1810 Popillii,
930 1727 984 1791 sed
1019 1727 1141 1790 omniuo
1166 1726 1210 1790 'in
1244 1726 1291 1789 in-

250 1836 477 1920 scriptionibus,
502 1855 580 1917 quae
612 1835 804 1918 temporibus
838 1835 883 1898 rei
914 1835 1056 1917 publicae
1092 1834 1207 1898 liberae
1242 1833 1291 1896 in·-

247 1945 385 2027 scnlptae
408 1944 488 2020 sunt,
529 1944 594 2007 tam
632 1961 718 2006 rarus
759 1942 815 2018 est,
850 1946 885 2004 ut
920 1962 956 2006 ne
997 1942 1127 2025 triginta
1168 1940 1291 2022 quidem

251 2052 391 2134 exempla
414 2070 449 2115 ex
471 2050 528 2114 hoc
545 2050 683 2132 tempore
704 2039 829 2114 inventa
853 2049 924 2114 siut.
963 2049 1048 2129 Quae
1064 2069 1134 2114 cum
1150 2049 1195 2112 ita
1219 2048 1290 2125 siut,

246 2159 330 2224 recte
375 2157 582 2222 Buechelerns
629 2157 787 2234 conclusit,
835 2157 1080 2221 vetustissimum
1124 2155 1290 2220 accusativi

247 2266 377 2348 pluralis
399 2265 508 2330 tertiae
526 2264 747 2338 ¹declinationis
765 2265 879 2328 exitum
904 2263 999 2329 fnisse
1017 2300 1058 2310 —-
1076 2283 1118 2340 es,
1145 2264 1197 2345 qui
1221 2262 1291 2327 inde

247 2372 420 2455 aseptimo
447 2372 570 2436 demum
594 2372 715 2436 saeculo
746 2371 867 2454 saepius
903 2372 935 2434 iu
960 2409 1001 2418 -
1024 2371 1078 2446 eis,
1116 2369 1224 2434 deiude
1260 2371 1291 2433 in

248 2518 289 2526 —
315 2481 342 2544 is
366 2480 504 2544 mutatus
537 2479 627 2543 esset.
675 2479 754 2542 Nam
792 2478 873 2560 quod
907 2478 937 2542 in
973 2478 1102 2542 fratrum
1131 2476 1292 2542 Arvalium

248 2587 382 2652 carmine
402 2586 537 2668 ,pleoris‘
559 2586 591 2651 et
614 2588 646 2649 iu
670 2586 813 2650 columna
842 2586 975 2650 rostrata
1004 2585 1125 2663 ,elaseis
1149 2585 1291 2649 Punicas‘

248 2696 279 2758 et
316 2693 431 2776 ,copias
455 2692 702 2757 Cartaeiniensis‘
725 2692 890 2770 invenitur,
929 2711 963 2756 ec
987 2693 1086 2773 magis
1110 2692 1291 2756 sententiam

248 2800 521 2885 grammaticorum
549 2801 771 2882 imperatorum
807 2800 997 2882 temporibus
1018 2799 1194 2863 florentium
1219 2818 1290 2864 con-

246 2908 364 2972 firmari
400 2927 490 2989 quam
526 2907 676 2971 rationem
719 2906 872 2969 scribendi
911 2907 1009 2988 quinti
1055 2906 1170 2971 saeculi
1208 2907 1290 2970 recte

246 3015 455 3079 Buechelerns
481 3013 628 3097 disputat.
676 3013 808 3077 Accedit
838 3013 920 3095 quod
943 3013 1067 3078 Jordan.
1094 3013 1191 3097 symb.
1222 3014 1289 3077 crit.

246 3122 286 3185 ad
307 3122 379 3186 hist.
404 3121 479 3205 ling.
501 3122 556 3186 lat.
582 3141 611 3202 p.
633 3123 698 3186 193
719 3140 804 3202 sequ.
828 3121 1018 3204 argumentis
1043 3120 1120 3184 satis
1146 3120 1291 3203 gravibus

247 3228 411 3293 ostendere
445 3229 572 3293 conatur
606 3228 737 3293 formam
771 3228 885 3309 pleoris
924 3228 974 3293 vel
1009 3229 1130 3311 pleores
1167 3229 1289 3292 omuino

246 3335 325 3400 falso
347 3355 402 3418 per
427 3334 601 3418 lapicidam,
628 3336 739 3416 utqui
772 3336 888 3398 rectam
917 3335 1047 3399 formam
1084 3354 1142 3399 nou
1167 3335 1291 3399 intelle·

248 3444 344 3526 geret,
381 3443 529 3508 traditam
566 3462 643 3508 esse.
691 3441 871 3507 Corssenius
906 3442 1030 3523 quidem
1065 3463 1094 3524 p.
1118 3444 1182 3508 738
1204 3462 1288 3524 sequ.

250 3550 440 3615 Buechelero
465 3550 626 3615 oblocutus
651 3551 699 3614 est
723 3550 754 3614 et
781 3549 1022 3614 vetustissimam
1038 3549 1168 3613 formam
1192 3551 1223 3613 in
1247 3551 1290 3613 eis

248 3657 417 3736 vocabulis,
453 3676 582 3738 quorum
616 3658 709 3738 stirps
741 3657 774 3720 in
794 3694 837 3703 -
861 3657 964 3734 ierit,
991 3694 1031 3703 -
1055 3658 1083 3720 is
1106 3657 1201 3721 fuisse
1226 3657 1289 3720 dis·

245 3765 343 3846 putat,
371 3764 425 3829 sed
450 3765 570 3842 iniuria,
595 3784 664 3828 cnm
688 3765 773 3828 certa
796 3765 845 3828 lex
872 3764 996 3848 liuguae
1026 3764 1154 3828 Latinae
1175 3764 1225 3842 sit,
1257 3765 1291 3828 ut

247 3872 279 3934 iu
315 3872 417 3936 locum
454 3871 632 3936 vetustioris
668 3872 859 3935 ereceutius
894 3871 1074 3935 isuccedat
1102 3871 1140 3935 cf.
1170 3870 1289 3936 Ritschl

245 3997 346 4060 opusc.
372 3979 413 4056 Il,
440 3980 514 4042 622.
562 3979 596 4041 In
622 3976 748 4042 Catonis
771 3978 868 4061 igitur
892 3979 1054 4042 verborum
1078 3978 1182 4042 ordine
1222 3997 1288 4041 om·

244 4085 335 4148 nibus
361 4085 405 4148 eis
424 4084 591 4161 vocabulis,
617 4104 695 4166 quae
719 4103 811 4166 supra
834 4085 1154 4162 commemoravimus,
1189 4084 1288 4148 exitus
