2972 4710
563 417 806 485 ’--121’)-Ι

150 608 272 672 abunde
296 605 429 676 indicate
453 609 509 687 661,
537 629 722 691 quamquam
745 610 921 692 praedicere
944 623 1003 675 non
1024 617 1126 677 cessat
1152 607 1193 698 is)

151 715 307 797 quidquid
330 735 385 799 per
408 717 537 781 asellum
561 717 627 782 fieri
651 718 768 800 potest,
793 718 941 783 vilissime
964 720 1111 784 constare.

244 843 268 887 r.
292 844 317 887 r.
345 823 633 902 6:P11n.X1V,
659 828 688 902 4,
713 828 765 889 46.
791 825 858 903 XV,
879 829 909 904 b,
932 827 983 890 20.
1008 825 1092 903 XVI,
1119 827 1191 892 173.

148 930 253 1007 XVII,
277 932 337 1006 93;
361 933 435 996 223.
460 932 575 1008 XVIII,
604 933 676 996 163.
703 935 777 998 337.
804 932 887 1009 XIX,
914 933 987 997 145.

243 1038 322 1101 Plin.
349 1039 464 1116 XVIII,
493 1041 573 1132 163:
597 1040 694 1124 igitur
707 1038 832 1104 0616616
854 1039 929 1104 haec
953 1041 1105 1104 sententia
1127 1043 1194 1111 est:
1244 1121 1246 1124 Ι

150 1147 183 1210 16
206 1166 279 1230 agro
304 1165 405 1211 crasso
426 1149 457 1212 et
479 1147 560 1218 laeto
577 1147 764 1212 frumentum
789 1148 857 1226 seri,
884 1147 1001 1213 sivero
1024 1149 1192 1214 nebulosus

151 1254 195 1317 sit
206 1253 297 1332 idern,
311 1254 474 1338 raphanos,
491 1255 621 1333 milium,
635 1256 786 1337 pauIcum.
801 1256 868 1333 XV,
878 1257 936 1321 20:
955 1275 1034 1320 nuuc
1051 1255 1191 1322 dicentur

153 1359 280 1426 0616616
304 1361 419 1444 placita
445 1362 481 1426 de
499 1363 597 1427 611616.
632 1363 666 1426 16
683 1363 781 1427 calido
808 1365 839 1428 61
855 1363 963 1448 pingui
984 1364 1049 1428 solo
1071 1363 1192 1428 radium

150 1469 310 1547 maiorem,
368 1469 571 1550 salientium,
627 1470 785 1547 orchitem,
831 1489 956 1553 poscam
1003 1470 1191 1556 Sergianam,

152 1574 376 1654 061616166666,
402 1577 567 1642 albiceram
582 1577 647 1641 seri
659 1577 746 1641 iubet
768 1577 922 1658 adicitque
946 1578 1095 1664 singulari
1119 1599 1192 1661 pru-

153 1683 266 1762 (lentie,
301 1702 393 1765 quem
418 1703 522 1749 earum
544 1685 635 1748 iniis
658 1685 904 1766 locisoptimam
929 1705 995 1750 6666
1019 1685 1130 1764 (116661,
1161 1687 1193 1750 16

150 1791 263 1874 frigido
284 1792 387 1856 autem
399 1792 430 1856 ct
442 1811 545 1856 macro
560 1792 745 1856 licinianam.
777 1793 885 1877 pingui
898 1793 978 1857 euim
995 1795 1049 1858 aut
1062 1793 1191 1859 ferventi

153 1900 258 1964 vitiari
283 1900 348 1964 cius
369 1900 471 1964 oleum
496 1900 695 1980 arboremque
726 1900 824 1983 ipsam
849 1900 1011 1965 fertilitate
1044 1903 1190 1981 consumi,

150 2024 257 2071 musco
281 2007 439 2088 praeterea
463 2008 494 2070 et
516 2007 625 2071 rubore
649 2007 797 2071 infestari.
845 2013 982 2088 spectare
1014 2007 1128 2074 6116616
1159 2010 1192 2073 16

149 2114 307 2180 favonium
329 2115 397 2179 1666
416 2115 555 2199 exposito
580 2115 697 2179 solibus
721 2117 824 2180 666661
854 2134 910 2180 666
931 2115 990 2179 6116
1013 2116 1077 2180 6116
1100 2117 1191 2182 modo

155 2222 273 2288 laudat.

241 2331 339 2409 XVII,
368 2333 427 2396 93:
458 2331 526 2396 6166
552 2332 653 2396 tamen
687 2331 820 2394 maximo
855 2331 1026 2409 intervallo,
1061 2332 1098 2396 de
1131 2352 1192 2415 qua

151 2438 277 2504 0616616
301 2439 411 2503 1161166
442 2439 593 2504 sententia
617 2439 664 2504 est
687 2439 719 2503 16
739 2439 827 2502 XXV
847 2437 987 2522 pedibus,
1022 2439 1191 2522 plurimum

148 2547 238 2611 XXX
262 2547 331 2611 seri.
448 2633 450 2636 Ι
1032 2611 1036 2622 ,

244 2653 343 2738 Supra
363 2673 398 2718 ex
417 2655 554 2719 Varrone
579 2653 737 2718 ostendere
760 2654 861 2718 conati
877 2672 982 2718 sumus
998 2654 1074 2719 haec
1098 2657 1191 2720 verba

150 2761 257 2827 multis
280 2761 317 2826 de
341 2761 453 2840 causis,
490 2761 620 2825 maxime
642 2761 714 2843 quia
738 2760 818 2842 apud
842 2763 1011 2826 Varronem
1048 2781 1106 2826 uon
1143 2763 1189 2826 16-

150 2869 272 2954 gcutur,
297 2869 482 2951 interpolata
504 2887 570 2934 esse
593 2866 700 2933 videri.
750 2867 838 2947 Quod
862 2871 889 2933 si
912 2888 1018 2934 verum
1038 2869 1094 2946 661,
1128 2870 1190 2934 iam

150 2977 269 3042 Plinius
291 2977 363 3042 libri
387 2977 424 3041 dc
457 2977 646 3061 agricultura
668 2976 797 3040 formam
833 2977 1050 3059 interpolatam
1082 2977 1191 3042 babuit

150 3103 287 3164 eamque,
314 3103 405 3165 quam
425 3102 480 3147 666
502 3084 658 3147 babemus.
706 3083 818 3147 Factae
842 3084 939 3172 igitur
972 3083 1034 3148 sint
1066 3103 1189 3149 necesse

151 3193 199 3256 est
221 3191 293 3256 11166
317 3191 569 3272 interpolationes
594 3191 673 3254 inter
702 3191 870 3254 Varronem
895 3195 927 3254 61
956 3191 1093 3254 Plinium
1116 3191 1136 3256 i.
1163 3212 1188 3257 e.

155 3299 254 3380 primo
275 3299 347 3383 post
367 3295 436 3362 016.
461 3298 592 3362 saeculo.
641 3297 725 3376 Quae
758 3297 908 3361 sententia
940 3298 984 3361 eis
1014 3298 1188 3381 respondet,

151 3426 226 3488 quae
251 3426 285 3470 ex
310 3405 460 3471 scribendi
483 3406 599 3469 ratione
622 3403 862 3485 flexionibusquc
887 3404 1101 3470 conclusimus.

238 3513 337 3591 XVII,
380 3515 472 3577 223:
511 3513 628 3577 Nocere
665 3511 761 3576 tradit
793 3510 871 3575 Cato
905 3511 997 3575 etiam
1044 3532 1187 3578 muscum

152 3621 287 3685 rubrum.

240 3727 355 3804 XVlll,
389 3729 471 3793 337:
508 3727 610 3791 tamen
636 3727 684 3790 est
719 3726 828 3790 siccior
864 3725 1067 3792 favonius-
1092 3727 1188 3791 -in

149 3835 229 3900 huuc
253 3836 390 3918 spectare
414 3834 527 3898 oliveta
551 3832 626 3898 0616
650 3834 749 3898 iussit.

237 3943 318 4021 XVI,
346 3943 423 4006 173:
444 3940 631 4005 Harundinis
648 3941 757 4005 1161166
773 3959 848 4004 6666
865 3941 904 4005 ad
922 3941 1024 4006 vineas
1040 3940 1186 4005 maxime.

151 4049 227 4115 0616
252 4049 311 4113 seri
344 4068 411 4113 eam
442 4049 528 4112 iubet
558 4048 592 4111 iu
623 4047 736 4112 umidis
768 4049 849 4129 agris
872 4047 986 4130 bipalio
1018 4048 1188 4113 subacto
