3018 4716
485 423 785 502 ·-19-

158 648 251 711 quarn
275 647 344 693 cum
368 628 521 693 brassicae
545 647 617 693 suco
642 629 840 693 commixtum
864 630 920 693 est.
968 627 1000 692 si
1025 630 1094 712 quis
1123 647 1195 694 vero

158 755 195 800 ne
215 736 250 799 in
269 735 326 800 hac
351 733 698 818 quidem'explicatione
723 736 900 817 acquiescit,
934 735 1038 817 potius
1063 735 1145 816 quod
1165 736 1196 798 in

158 862 219 924 quo
253 843 354 906 mutet
389 862 480 924 quam
515 844 550 907 ut
583 841 691 906 Catoni
727 842 897 907 ablativum
931 843 962 905 in
993 842 1196 906 dexeuntem

156 949 301 1015 vindicet.
338 949 427 1024 Adde
451 949 531 1032 quod
554 948 590 1015 0.
613 949 747 1014 Kionitz.
791 951 837 1014 De
862 949 915 1030 qui
935 949 1042 1012 localis
1066 949 1197 1014 modalis

157 1057 240 1140 apud
262 1058 380 1140 priscos
406 1057 568 1138 scriptores
591 1058 718 1121 Latinos
750 1076 808 1120 usu
831 1077 868 1139 p.·
888 1059 951 1121 572
989 1075 1085 1138 sequ,
1123 1057 1196 1137 quia

145 1157 237 1230 ¹aliae
261 1165 474 1246 pronominum
498 1164 613 1230 formae
636 1164 723 1229 velut
754 1164 820 1242 eod,
853 1164 911 1229 aad
932 1162 1014 1247 apud
1044 1164 1193 1228 Plautum

156 1292 218 1338 non
243 1272 396 1357 leguntur,
432 1272 480 1336 illi
503 1272 565 1337 iam
589 1272 668 1336 tales
703 1271 826 1350 formas,
868 1272 968 1354 qualis
1005 1270 1109 1352 ‚quod‘
1149 1273 1197 1336 est

156 1380 315 1446 abiudioat
338 1380 369 1444 et
394 1399 429 1444 ex
452 1380 683 1462 pronominibus
707 1379 793 1455 med,
827 1379 879 1443 ted
911 1379 965 1444 sed
984 1380 1103 1458 tantum
1125 1398 1196 1444 con-

157 1488 250 1565 oenc,
275 1488 320 1552 ita
339 1488 374 1551 ut
398 1487 479 1571 apud
500 1486 647 1552 Catonem
670 1487 707 1552 de
731 1488 847 1552 talibus
868 1488 974 1552 formis
998 1488 1082 1552 nullo
1106 1487 1197 1551 modo

158 1595 289 1680 cogitari
331 1594 439 1678 possit
486 1613 618 1676 quocum
654 1595 815 1672 consentit,
856 1594 937 1676 quod
978 1594 1197 1660 Wichmannus

156 1703 271 1786 posuis,
296 1701 356 1780 „de
381 1702 434 1783 qui
456 1702 590 1766 ablativo
615 1702 763 1784 antiquou
787 1722 815 1785 p.
841 1705 870 1766 7.

249 1810 284 1873 ln
306 1809 434 1892 reliquis
457 1809 566 1874 tertiae
591 1808 805 1874 declinationis
828 1809 949 1874 casibus
969 1807 1095 1886 formae,
1120 1827 1197 1890 quae

157 1916 241 2002 apud
255 1915 401 1980 Catonern
422 1916 583 1998 leguntur·
603 1916 675 1997 quia
697 1917 918 1999 posterioribus
942 1934 1063 1998 quoque
1078 1918 1199 1999 tempo·

157 2026 244 2090 ribus
266 2023 398 2088 usitatae
426 2025 521 2102 erant,
555 2042 709 2106 nunquam
731 2024 868 2088 mutatae
899 2043 965 2088 esse
985 2025 1123 2106 possunt,
1153 2024 1198 2088 ita

157 2133 194 2197 ut
219 2131 255 2196 de
278 2131 327 2195 his
343 2129 419 2194 nibil
443 2129 605 2195 dicendum
630 2130 680 2194 sit.
793 2121 795 2125 ’
1098 2121 1100 2126 ’

251 2239 285 2302 In
322 2238 479 2302 vocabulis
520 2238 646 2318 quartae
694 2236 905 2301 declinationis
946 2238 1049 2300 utrum
1089 2236 1198 2302 Catoni
1267 2251 1270 2257 ·

158 2345 340 2411 tribuendae
365 2345 430 2409 sint
450 2344 580 2429 genitivi
595 2344 711 2410 formae
733 2345 763 2408 in
790 2381 829 2391 -
855 2363 898 2421 os,
925 2344 961 2408 ut
975 2344 1006 2409 in
1031 2363 1094 2409 sen.
1114 2364 1196 2410 cons.

158 2454 196 2517 de
219 2455 291 2517 Bac.
330 2451 452 2534 saepius
486 2452 601 2536 legitur
632 2454 785 2528 senatuos,
818 2471 856 2516 an
878 2451 909 2515 in
934 2490 976 2497 -
998 2452 1055 2529 uie,
1086 2453 1197 2534 quibus

158 2560 354 2646 grammatici
377 2561 495 2624 veteres
518 2578 590 2624 usos
615 2559 862 2624 essetestantur
887 2558 970 2643 (vide
995 2579 1042 2642 ap.
1058 2560 1192 2648 Nouium

161 2670 185 2745 Ι,
217 2689 247 2750 p.
273 2668 350 2751 352)
391 2686 427 2732 cx
467 2666 717 2749 inscriptionibus
768 2666 931 2731 diiudicari
978 2685 1038 2730 non
1085 2669 1196 2748 potest,

160 2776 233 2859 quia
253 2776 285 2839 in
307 2774 557 2858 inscriptionibus
581 2774 800 2838 vetustissimis
832 2775 961 2858 genitivi
993 2795 1011 2839 a
1041 2775 1198 2839 vocabulis
1236 2795 1240 2810 ¹

161 2883 288 2967 quartae
312 2881 524 2946 declinationis
541 2881 670 2946 derivati
694 2881 965 2972 noninveniuntur
981 2883 1103 2964 praeter
1121 2903 1199 2948 non·

160 2991 262 3056 nullos
285 2990 315 3052 in
339 3027 380 3036 -
407 3008 441 3054 os
463 2989 578 3076 otini
602 2989 639 3053 ol.
666 2988 700 3053 C.
724 2989 754 3054 J.
780 2990 814 3053 L.
839 2991 862 3068 l,
888 3009 916 3071 p.
944 2991 1018 3055 603.

184 3139 186 3144 -
252 3096 341 3162 Certe
375 3098 406 3161 in
442 3097 530 3161 libris
566 3117 639 3162 mss.
673 3096 779 3162 Plauti
818 3097 850 3162 et
884 3097 1020 3162 Terentii
1061 3101 1200 3164 nonnulli

162 3205 291 3291 genitivi
329 3205 363 3268 in
398 3242 440 3260 —
476 3205 524 3268 uis
561 3205 757 3269 inveniuntur
798 3205 829 3268 et
867 3203 947 3287 apud
983 3207 1200 3288 grammaticos

163 3313 299 3378 citantur
340 3310 492 3395 (Corssen.
529 3313 569 3389 ΙΙ,
607 3315 680 3376 737.
728 3314 817 3376 Neue
847 3312 871 3388 Ι,
909 3312 984 3377 352.
1032 3314 1202 3380 Buecheler

164 3420 302 3486 adumbr.
330 3419 407 3483 decl.
432 3419 485 3483 lat.
513 3422 564 3483 61.
612 3420 840 3503 Reisig-Haase
863 3440 893 3501 p.
920 3421 983 3483 100
1006 3422 1037 3484 et
1059 3422 1120 3485 not.
1147 3426 1199 3488 89.

164 3505 334 3594 Schneider
356 3547 386 3610 p.
412 3529 490 3610 329)
527 3545 596 3590 cum
634 3526 754 3592 Gellius
787 3528 906 3592 narret:
943 3527 1007 3603 „M.
1033 3528 1202 3593 Varronem

165 3637 196 3700 et
218 3637 254 3701 P.
281 3633 443 3718 Nigidium
476 3634 557 3698 viros
585 3635 715 3700 Romani
746 3635 865 3714 generis
898 3635 1092 3700 doctissimos
1117 3655 1201 3701 com-

164 3743 300 3828 perimus
331 3760 392 3806 non
416 3741 506 3806 aliter
529 3742 648 3807 locutos
673 3761 739 3807 esse
769 3743 800 3805 et
828 3743 986 3823 scripsisse
1024 3761 1116 3824 quam
1153 3762 1202 3808 se·

166 3850 266 3915 natuis
288 3849 319 3913 et
338 3847 458 3913 domnis
482 3850 513 3913 et
535 3849 691 3912 fiuctuis“.
741 3847 825 3927 Quae
850 3848 943 3914 Gellii
968 3849 1060 3914 verba
1084 3849 1203 3932 signifi·

169 3978 237 4023 care
277 3955 420 4022 videntur
457 3956 513 4020 has
552 3956 665 4020 formas
701 3957 800 4040 magis
846 3955 957 4020 studiis
996 3957 1206 4041 grammaticis

166 4064 285 4148 Nigidii
321 4065 353 4126 et
374 4063 521 4128 Varronis
543 4063 648 4127 deberi
687 4082 780 4145 qnam
815 4064 963 4128 sermonis
991 4063 1096 4127 Latini
1131 4082 1204 4128 con·

1074 4183 1104 4238 2*
