2972 4710
726 454 967 516 -124-

323 638 423 720 quid
453 658 525 721 per
557 639 726 705 asellum
758 640 838 705 feri
872 643 1026 725 potest,
1051 641 1365 706 vilissimecon·

324 746 414 810 stare.

412 887 565 954 Gesnerus
589 889 685 971 praef.
711 911 740 973 p.
769 890 819 967 11,
844 891 937 954 verbe
967 890 1126 972 ‚quidquid
1149 911 1204 974 per
1228 891 1364 956 asellum

320 995 390 1060 fieri
415 997 527 1078 potest,
552 997 701 1061 vilissime
714 998 863 1073 constare,
889 997 1057 1063 Catoniana
1074 1018 1139 1063 esse
1164 999 1249 1077 dicit,
1268 1018 1364 1080 quare

324 1123 396 1168 cnm
430 1105 461 1168 in
486 1104 530 1168 eis
569 1104 735 1181 codicibus,
771 1124 847 1186 quos
873 1123 928 1170 nos
961 1105 1118 1182 habemns,
1157 1125 1217 1170 non
1250 1107 1364 1184 extent,

322 1209 451 1275 Catonis
479 1211 593 1275 librum
615 1212 814 1276 retractatum
841 1213 872 1276 et
895 1212 1072 1277 mutilatum
1096 1231 1162 1277 esse
1197 1213 1365 1277 concludit.

321 1318 420 1396 Quem
444 1319 588 1383 Klotzius
610 1319 631 1382 l.
658 1338 683 1382 c.
709 1339 738 1401 p.
764 1322 816 1383 61.
841 1320 885 1384 ita
905 1320 1083 1403 impugnat:
1116 1320 1165 1384 die
1198 1320 1285 1385 stelle
1323 1320 1368 1384 ist

320 1424 424 1489 bisher
443 1425 478 1488 in
510 1425 567 1489 den
596 1426 751 1511 ausgaben
783 1428 852 1492 sehr
877 1427 975 1491 falsch
1010 1426 1077 1491 also
1112 1426 1360 1510 interpungiert:

321 1551 506 1614 quamquam
542 1571 583 1580 -
614 1534 760 1598 cessatis:
794 1533 944 1615 quidquid
973 1572 1015 1581 -
1049 1534 1162 1616 potest,
1211 1532 1364 1598 vilissime

322 1640 443 1704 constat
466 1640 602 1724 (constat
624 1662 639 1704 r
663 1643 801 1706 constare
825 1642 903 1726 F2.)
926 1641 1027 1727 gleich
1050 1641 1197 1706 eleuare
1221 1641 1274 1704 dee
1303 1641 1366 1704 fol·

320 1746 420 1831 gendo
444 1748 491 1812 ein
515 1749 684 1830 ausspruch
708 1747 809 1814 Calos.
856 1769 887 1814 es
916 1750 958 1813 ist
981 1749 1046 1813 dies
1070 1749 1126 1812 wie
1150 1747 1199 1812 die
1230 1747 1365 1830 librigen

313 1855 391 1931 alle,
417 1873 462 1919 no
486 1855 585 1919 niehts
609 1856 739 1921 naheres
756 1857 933 1940 angegeben
957 1857 1007 1932 ist,
1034 1857 1099 1919 eine
1124 1855 1289 1938 allgemein
1308 1873 1364 1918 an-

323 1980 523 2043 genommene
553 1962 875 2028 landwirtschaftliche
908 1963 1050 2038 manime,
1088 1962 1136 2026 die
1173 1962 1365 2044 keineswegs

320 2067 397 2133 Cato
423 2070 578 2154 angeheri,
612 2070 740 2155 folglich
773 2072 817 2135 ist
858 2071 999 2136 Gessner.
1032 2069 1127 2152 praef.
1152 2089 1223 2153 pag.
1252 2070 1289 2133 11
1333 2071 1365 2132 in

319 2195 456 2262 grossem
482 2178 620 2252 irrtu'me,
644 2197 730 2242 wenn
755 2198 788 2243 er
812 2179 904 2242 etwas
926 2178 1036 2243 daraus
1059 2177 1183 2260 folgern
1203 2176 1299 2240 willa

410 2319 514 2400 Atque
538 2320 690 2402 imprimis
707 2319 1010 2385 animadvertendum
1038 2323 1095 2396 est,
1122 2318 1215 2382 rerba
1232 2315 1362 2381 Catonis

318 2445 376 2490 non
402 2426 589 2512 adverbum
616 2427 713 2504 citari,
740 2427 794 2492 sed
815 2427 853 2492 ad
878 2447 1010 2504 sonsum,
1047 2446 1119 2490 nam
1155 2444 1232 2506 quae
1268 2443 1364 2506 supra

317 2534 596 2598 commemorantur
620 2534 664 2613 ‚id
688 2535 841 2620 agendum
865 2537 901 2600 ut
926 2535 1056 2618 diligant
1080 2552 1112 2597 se
1133 2532 1247 2610 vieini,
1277 2532 1362 2614 apud

319 2639 466 2706 Catonem
487 2641 531 2705 sic
547 2642 664 2706 entant:
690 2642 799 2707 vicinis
822 2643 919 2707 bonus
941 2643 1024 2717 esto;
1049 2659 1141 2722 quare
1157 2658 1220 2703 non
1237 2640 1363 2720 oportet

321 2750 352 2813 in
377 2750 478 2815 verbis
503 2749 674 2830 „quidquid
692 2752 771 2814 etc.“
797 2770 891 2815 unum
916 2768 982 2815 esse
999 2746 1209 2822 Catonianum,
1236 2746 1362 2810 etiarnsi

318 2855 428 2921 Catoni
452 2856 612 2920 attribuas.
661 2857 731 2921 Mea
754 2877 824 2922 vero
854 2857 1006 2922 sententia
1031 2855 1128 2919 locus¹
1146 2871 1269 2917 sensum
1298 2872 1360 2917 non

318 2963 423 3042 habet,
448 2963 507 3027 nisi
530 2965 707 3050 postqverba
731 2965 881 3043 ‚cessatis‘
905 2963 1025 3028 fortiter
1047 2961 1286 3046 interpungitur,
1314 2961 1361 3024 ita

301 3053 351 3134 ¹ut
384 3070 628 3155 coniungendum
649 3071 705 3135 sit:
738 3071 774 3135 de
804 3072 888 3136 terra
911 3072 1028 3135 cariosa
1052 3070 1201 3134 execratio
1235 3069 1361 3135 Catonis

316 3177 436 3243 abunde
458 3178 593 3243 indicata
616 3180 671 3255 est,
697 3198 883 3260 quamquam
899 3178 1073 3261 praedicere
1097 3196 1156 3241 non
1180 3179 1281 3242 cessat
1304 3178 1357 3242 is‘.

319 3288 351 3350 et
372 3303 404 3348 re
430 3305 501 3350 vera
523 3287 604 3350 terra
630 3287 747 3351 cariosa
767 3287 888 3368 saepius
913 3286 1168 3350 commemoratur
1182 3285 1213 3348 in
1232 3284 1358 3350 Catonis

317 3393 407 3461 libro.
453 3393 559 3458 deinde
587 3395 682 3458 verba
715 3393 877 3475 ‚quidquid
909 3413 964 3475 per
987 3394 1116 3458 asellum
1144 3391 1211 3456 fieri
1243 3394 1355 3474 potest,

316 3503 467 3568 vilissime
493 3505 642 3568 constare‘
666 3501 799 3585 pendent
819 3521 837 3566 a
861 3501 1009 3565 vocabulo
1041 3501 1219 3578 censent,
1254 3501 1299 3565 ita
1320 3503 1357 3564 ut

246 3631 247 3634 ’
316 3612 409 3675 verba
434 3610 630 3692 quidquid
667 3613 723 3674 cet.
765 3609 959 3691 parenthesis
999 3609 1096 3672 instar
1126 3609 1242 3672 inserta
1281 3609 1353 3673 sint.

320 3720 418 3783 Totus
441 3718 538 3802 igitur·
567 3719 660 3782 Plinii
687 3719 773 3781 locus
809 3718 853 3781 ita
886 3715 1147 3798 interpungendus
1183 3716 1243 3781 est:
1279 3717 1370 3784 nihil,

317 3845 384 3890 sero
410 3824 584 3890 faciendum
605 3826 635 3888 in
659 3824 850 3908 agricultura
881 3843 987 3888 omnes
1011 3823 1143 3899 censent,
1180 3823 1353 3906 iterumque

320 3952 376 3997 suo
402 3951 540 4015 quaeque
564 3933 701 4016 tempore
725 3932 865 3997 facienda
889 3932 919 3995 et
935 3931 1025 3996 tertio
1042 3936 1204 4014 praecepto
1219 3933 1352 4014 praeter·

318 4041 413 4104 missa
434 4040 548 4104 frustra
567 4041 704 4105 revocari
727 4040 777 4125 (de
802 4039 883 4104 terra
906 4039 1022 4103 cariosa
1046 4039 1197 4103 execratio
1229 4037 1352 4103 Catonis
