2972 4710
730 400 971 464 -120-

324 587 446 669 guntur,
483 605 562 669 quae
594 605 674 652 nunc
706 605 767 652 non
803 587 835 651 in
870 585 949 651 libro
982 586 1019 652 de
1059 606 1124 672 agr.
1154 588 1363 664 inveniuntur,

325 693 431 758 Cicero
450 694 517 777 ipso
553 693 589 758 de
614 711 668 758 sno
700 693 853 758 addiderit
877 713 914 758 an
945 694 1013 757 tum
1047 695 1145 777 plura,
1182 714 1273 775 quam
1311 712 1366 758 nos

323 821 403 866 nunc
425 801 583 879 habemus,
608 801 641 864 in
665 820 699 865 eo
718 801 798 866 libro
822 801 961 866 tractata
984 801 1104 866 inerint.

414 909 482 973 Hoc
495 909 576 973 certo
598 908 723 973 Klotzio
740 907 866 973 concedi
887 907 979 973 debet
995 910 1129 992 plurima
1145 929 1259 988 eorum,
1286 928 1367 992 quae

323 1014 430 1081 Cicero
451 1016 548 1094 affert,
583 1016 712 1081 inveniri
735 1017 766 1079 in
789 1016 868 1080 libro
900 1014 937 1079 de
974 1036 1037 1100 agr.
1073 1017 1160 1082 volut
1193 1016 1229 1081 ds
1253 1017 1367 1081 uitium

324 1123 402 1201 ortu,
430 1126 509 1201 satu,
535 1123 819 1200 incrementando
850 1119 943 1188 verbo
975 1122 1012 1188 do
1042 1124 1153 1188 vitium
1186 1123 1366 1190 culturare

323 1249 396 1297 vera
416 1230 511 1295 verba
535 1231 610 1295 facit
639 1231 671 1294 in
706 1249 792 1313 capp.
830 1232 891 1306 333
931 1233 990 1308 493
1026 1235 1079 1294 47.
1127 1231 1175 1296 De
1211 1231 1367 1296 1611666616

323 1339 437 1417 contra,
464 1338 545 1421 quod
569 1336 673 1403 Cicero
697 1339 915 1403 commemorat
945 1339 980 1402 in
1012 1357 1078 1420 cap.
1115 1341 1169 1415 51,
1204 1337 1282 1402 nihil
1315 1338 1366 1401 in-

323 1447 445 1513 venitur
472 1448 504 1510 in
532 1444 657 1510 Catonis
684 1446 773 1511 libro.
822 1446 922 1525 Quare
958 1466 993 1510 ex
1026 1444 1180 1510 Ciceronis
1214 1445 1294 1510 libro
1330 1443 1366 1508 (16

324 1555 480 1619 senectute
503 1553 579 1617 nihil
611 1554 686 1618 certi
722 1555 827 1639 colligi
861 1573 953 1637 posse
986 1553 1023 1618 de
1058 1551 1183 1617 Catonis
1217 1553 1290 1617 libri
1328 1552 1366 1617 (16

322 1663 514 1747 agricultura
553 1661 685 1746 genuina
725 1662 823 1727 forma
865 1661 1006 1739 eflicitur,
1057 1662 1239 1744 praesertim
1286 1681 1360 1724 cum

330 1770 431 1835 omnia
453 1770 590 1834 locorum
614 1770 822 1834 communium
846 1768 937 1835 modo
954 1770 1037 1834 dieta
1058 1770 1090 1834 et
1104 1769 1264 1836 rhetorum
1278 1789 1365 1835 more

324 1877 414 1961 aucta
437 1877 507 1941 sint.

414 1984 458 2048 Ut
503 1984 565 2048 iam
608 1983 639 2048 in
687 1981 810 2048 exordio
856 1981 991 2048 diximus
1038 1982 1164 2048 Catonis
1202 1985 1282 2049 liber
1329 1985 1366 2050 de

325 2113 391 2177 agr.
416 2091 497 2174 apud
521 2090 744 2171 Quintilianum
778 2109 930 2172 nusquam
959 2091 1088 2168 citatur;
1127 2092 1180 2174 qui
1215 2111 1293 2174 qnae
1331 2111 1366 2156 ex

324 2199 438 2265 Catone
462 2199 559 2277 affert,
584 2199 698 2282 partim
722 2199 860 2280 singulae
878 2199 993 2262 formae
1019 2199 1099 2276 sunt,
1124 2218 1194 2264 mea
1212 2201 1367 2266 sententia

324 2306 503 2390 desumptae
531 2323 570 2369 ex
592 2305 694 2370 Verrii
716 2305 820 2370 Flacci
840 2305 929 2384 libro,
953 2304 1068 2388 partim
1083 2304 1257 2390 fragmenta
1269 2306 1366 2372 orati-

325 2434 416 2481 onum
463 2413 655 2491 brevissima,
699 2413 814 2497 partim
860 2412 1083 2494 disputationes
1120 2413 1291 2480 rhetoricae
1328 2414 1365 2478 de

324 2522 448 2588 Catonis
472 2540 581 2603 genere
606 2519 726 2585 dicendi
751 2521 782 2585 et
805 2521 869 2585 arte
894 2520 1033 2598 oratoria,
1067 2539 1161 2602 quare
1184 2520 1262 2584 nihil
1287 2522 1365 2587 certi
1480 2509 1481 2512 ¹

324 2631 363 2696 de
387 2631 486 2695 forma
509 2628 635 2693 Catonis
658 2628 730 2693 libri
751 2628 788 2692 de
813 2648 877 2713 agr.
902 2628 971 2692 inde
996 2627 1100 2708 colligi
1121 2628 1235 2711 potest.

413 2739 617 2802 Transeamus
633 2735 729 2820 igitur
752 2734 791 2800 ad
802 2735 949 2814 Plinium,
972 2734 1185 2814 Columellam,
1215 2734 1364 2801 Gellium.

329 2844 421 2928 Apud
441 2843 579 2908 Plinium
604 2841 728 2906 Catonis
747 2843 829 2907 liber
845 2841 882 2906 de
906 2862 970 2927 agr.
994 2842 1156 2924 permultis
1187 2842 1264 2907 locis
1288 2845 1366 2908 cita·

323 2954 383 3030 tur,
426 2971 504 3034 quas
532 2951 676 3032 deinceps
700 2949 954 3027 enumerabimus,
991 2968 1042 3013 666
1076 2950 1158 3014 66166
1190 2952 1365 3015 accuratius

327 3059 506 3136 tractantes,
538 3058 589 3141 qui
613 3057 820 3121 dubitationes
843 3058 967 3121 movent
999 3056 1049 3121 vel
1084 3057 1247 3141 suspiciosi
1282 3059 1363 3123 sunt.

323 3167 386 3230 llos
410 3166 506 3244 locos,
543 3165 655 3247 quibus
677 3164 850 3248 fragmenta
873 3164 1002 3228 aliorum
1036 3164 1185 3228 librorum
1218 3165 1363 3243 citantur,
1484 3149 1485 3156 ¹

327 3273 510 3350 omittimus,
533 3274 608 3337 item
632 3273 658 3338 si
672 3271 796 3336 Catonis
812 3291 925 3336 nomen
940 3272 972 3334 in
987 3271 1118 3335 fontimn
1135 3273 1363 3339 enumeratione
1378 3291 1382 3296 ·
1484 3293 1485 3320 i

323 3381 506 3459 nominatur,
530 3380 564 3445 in
587 3381 749 3445 verborum
771 3377 875 3443 ordine
899 3398 958 3443 non
986 3379 1171 3444 nominatur.
1219 3379 1254 3444 ln
1277 3381 1363 3447 loco·
1483 3455 1485 3480 4

324 3508 392 3552 rum
422 3489 559 3570 ipsorum
595 3486 698 3551 ordine
732 3486 892 3551 Klotaium
928 3479 986 3551 non
1024 3505 1197 3569 sequemur,
1234 3487 1289 3553 sed
1326 3488 1364 3554 ad
1484 3495 1485 3506 ¹

325 3596 446 3680 singula
478 3595 550 3658 libri
586 3593 622 3658 de
658 3614 722 3678 agr.
761 3614 846 3677 capp.
882 3593 1099 3672 adscribemus,
1137 3595 1248 3676 quibus
1285 3596 1363 3661 locis

325 3702 475 3768 Plinianis
498 3701 638 3766 citantur.
1484 3769 1485 3776 ἵ

415 3810 451 3874 (16
476 3828 541 3893 agr.
564 3808 657 3891 praef.
675 3809 810 3874 :Pliu
835 3809 949 3887 XVlll,
987 3811 1083 3887 3,11.
1117 3812 1146 3888 5,
1161 3812 1212 3874 26.
1243 3803 1359 3890 XVIII,

325 3919 355 3996 3,
384 3919 441 3981 11:
477 3917 597 4001 Agrum
620 3916 700 3981 male
733 3917 834 3981 colere
857 3917 1028 3981 censorium
1063 3918 1207 3998 probrum
1243 3919 1361 3985 iudica-

324 4025 425 4102 batur,
450 4025 552 4109 atque,
571 4025 606 4087 ut
623 4023 717 4088 refert
739 4022 824 4102 Cato,
849 4043 918 4088 cum
941 4024 1041 4089 uirum
1063 4025 1223 4090 laudantes
1247 4025 1361 4093 bonum
