2972 4710
520 435 762 514 7159-

215 625 319 690 Macer
353 625 390 690 de
425 625 494 690 virt.
531 627 617 692 herb.
654 628 677 705 i,
699 632 735 692 4:
757 627 819 705 ·IV,
847 629 888 692 29
925 626 963 692 ci.
995 627 1161 694 Schneider

129 753 156 814 p.
182 735 257 798 206.
452 760 454 764 ’
907 775 910 782 ‚

216 839 300 906 Serv.
323 841 360 905 ed
379 841 453 906 Aen.
478 842 547 920 VH,
565 845 648 908 539:
672 843 714 906 iit
738 843 849 907 terrem
871 843 996 934 ventum
1020 845 1162 910 vertebat

130 949 257 1013 aratris:
288 948 347 1013 duc
372 948 451 1013 dixit
474 969 491 1013 a
513 948 628 1014 Catone
652 951 829 1026 memorata,
861 951 913 1030 qui
936 951 1161 1033 interrogatus:

131 1057 182 1139 qui
205 1060 287 1120 esset
309 1057 399 1139 pater
422 1055 566 1134 familiae,
592 1055 765 1139 respondit:
792 1076 864 1152 eum
885 1058 938 1137 qui
960 1059 1038 1123 benc
1062 1060 1163 1141 pascit

131 1163 160 1226 ct
183 1163 261 1230 bene
285 1168 365 1228 aret.
412 1164 584 1229 Verborum
607 1184 704 1229 nexus
721 1165 865 1254 ostendit,
890 1165 968 1231 haec
993 1187 1008 1231 e
1029 1167 1108 1232 libre
1126 1168 1163 1233 de

130 1290 193 1355 agr.
218 1271 379 1354 desumpta
401 1291 462 1336 neu
487 1291 564 1337 esse.
590 1299 596 1314 ·

218 1381 351 1444 Restant
371 1381 432 1444 duo
457 1380 607 1445 Macrobii
629 1381 698 1445 leci.
729 1381 783 1445 lib.
807 1381 861 1445 VI.
888 1400 954 1463 cap.
980 1385 1084 1460 4,16:
1105 1383 1164 1448 hcc

129 1489 317 1560 verbumde
340 1489 412 1572 pino
435 1489 622 1571 tempestive
645 1508 663 1552 a
687 1488 802 1554 Catone
833 1491 974 1572 sumpsit,
1012 1491 1065 1570 qui
1101 1491 1161 1556 ait:

130 1597 259 1660 Pineum
297 1616 424 1661 nuceum
448 1615 516 1660 cum
541 1596 674 1673 effodies,
707 1597 780 1660 lune
804 1596 997 1671 decrescente
1030 1597 1163 1676 eximito,

129 1708 201 1786 post
218 1703 377 1768 meridiem
394 1705 458 1768 sine
474 1708 565 1768 uento
582 1704 697 1769 austro.
722 1707 790 1767 tum
807 1723 878 1768 vero
892 1705 950 1769 erit
965 1705 1163 1786 tempestiva,

129 1833 199 1876 cum
216 1831 317 1877 semen
335 1831 423 1876 snum
439 1815 597 1876 maturum
615 1811 673 1876 erit
687 1811 757 1875 vide
771 1829 838 1892 cap.
852 1813 903 1889 31,
919 1811 951 1875 in
965 1831 1025 1891 quc
1043 1813 1166 1877 vetusta
1213 1883 1215 1886 ,

131 1925 161 1984 et
196 1919 370 1984 recentiore
394 1918 559 1983 commixta
589 1937 654 1983 esse
685 1921 794 1999 postea
817 1917 1022 1982 ostendemus.
1069 1918 1169 1999 Vides,

132 2028 231 2112 igitur
248 2027 442 2091 Macrobium
465 2044 586 2107 queque
609 2025 707 2089 ferma
723 2024 929 2089 contaminate
952 2025 1025 2089 libri
1037 2025 1074 2090 de
1098 2045 1164 2110 agr.

131 2155 221 2200 usum
247 2153 323 2211 esse,
357 2134 410 2198 sed
434 2136 555 2198 constat
584 2132 672 2197 illum
698 2132 820 2195 nomina
851 2137 1022 2208 auctorum,
1056 2133 1167 2212 quibus

131 2261 205 2307 usus
238 2243 295 2319 est,
329 2242 437 2319 celare,
473 2244 615 2305 auctores
650 2243 790 2304 uetustos
827 2243 933 2303 contre
965 2239 1081 2317 afferre,
1114 2239 1168 2318 qui

131 2349 216 2433 apud
250 2348 321 2414 illes
356 2348 561 2413 nominentur.
616 2347 715 2426 Quare
749 2346 822 2427 quin
856 2347 914 2412 hec
941 2347 1007 2411 leco
1032 2347 1168 2411 Plinium
1217 2377 1221 2386 ·

130 2457 214 2535 XVI,
247 2460 309 2522 193
332 2456 529 2538 exscripserit
555 2474 614 2519 nen
645 2455 761 2519 dubito.
810 2453 895 2518 idern
927 2453 1090 2518 dicendum
1120 2456 1169 2518 cst

135 2563 171 2629 dc
194 2564 331 2629 Mucrcb.
357 2562 425 2641 VH,
450 2566 485 2628 6:
513 2563 550 2627 ut
576 2562 663 2627 mala
694 2581 747 2626 seu
771 2561 925 2644 simplicia
949 2580 1003 2626 seu
1034 2561 1166 2645 cytcnia,

132 2691 210 2752 quae
240 2671 361 2735 cotonia
383 2671 473 2735 vocat
497 2669 582 2734 daco.
