2972 4710
673 331 917 392 -118-

287 520 408 604 saepius
441 503 601 585 ¹breviores
635 519 891 603 interpolationes
925 519 1063 584 inveniri.
1120 520 1220 600 Quare
1253 541 1327 586 con-

289 627 413 693 cludere
433 627 517 706 licet,
553 625 645 691 etiam
668 627 699 690 in
723 627 768 691 eis
791 626 864 690 libri
886 625 923 690 de
947 626 1138 710 agricultura
1171 628 1326 709 partibus,

288 754 366 814 quae
389 733 470 817 apud
483 735 653 798 Varronem
676 752 736 799 non
761 733 904 811 citantur,
926 733 996 797 aliis
1019 733 1095 799 locis
1114 734 1148 798 in
1162 734 1328 800 verborum

288 842 392 907 ordine
427 841 583 907 breviores
615 841 867 924 interpolationes
892 846 1006 918 extare,
1042 841 1110 906 aliis
1135 842 1200 906 tota
1223 843 1329 925 capita

289 971 328 1017 ex
351 949 481 1014 dirersis
516 968 620 1014 rerum
653 949 840 1034 rusticarum
876 947 1077 1030 scriptoribus
1109 948 1215 1014 addita
1248 969 1327 1014 csse.

287 1059 372 1139 Quae
410 1057 661 1140 interpolationes
696 1057 743 1121 ita
780 1057 902 1121 tantum
934 1055 1076 1140 cognosci
1106 1057 1244 1140 possunt,
1292 1062 1330 1122 nt

286 1169 430 1230 accurate
452 1165 556 1228 totum
579 1163 652 1228 libri
676 1163 713 1228 de
737 1163 927 1249 agricultura
949 1168 1164 1248 argumentum
1201 1165 1234 1228 et
1256 1185 1329 1229 sen-

286 1273 454 1337 tentiarum
478 1253 670 1336 continuatio
701 1272 939 1349 considerentur,
975 1270 1057 1351 quod
1090 1272 1232 1354 incipere,
1266 1293 1330 1338 non

290 1379 448 1445 absolvere
471 1379 579 1461 postea
602 1379 743 1444 conaturi
765 1397 881 1444 sumus.
929 1378 1093 1460 lrrepsisse
1109 1399 1180 1444 vero
1201 1398 1331 1445 necesse

287 1488 335 1552 est
357 1487 412 1551 has
433 1485 687 1569 interpolationes
708 1487 739 1550 in
764 1485 911 1551 Catonern
935 1490 1006 1568 post
1029 1505 1140 1550 annum
1160 1506 1186 1552 a.
1203 1507 1233 1552 u.
1249 1492 1329 1553 717.

288 1615 314 1659 a.
340 1593 373 1660 C.
400 1597 451 1673 37,
476 1613 535 1675 quo
560 1613 636 1658 anno
653 1595 799 1660 Varronis
815 1595 851 1659 de
869 1595 1060 1678 agricultura
1076 1595 1173 1660 libros
1193 1596 1331 1678 scriptos

288 1720 354 1767 esso
379 1701 512 1766 efficitur
535 1719 573 1765 en
596 1720 654 1768 rer.
683 1705 760 1766 rust.
785 1703 809 1781 l,
837 1703 909 1780 1,1.
935 1703 972 1766 of.
1005 1703 1132 1768 Teuffel.
1169 1703 1242 1768 hist.
1276 1704 1330 1769 lit.

289 1810 377 1874 Rom.
402 1829 432 1891 p.
457 1811 531 1874 282.

252 1913 256 1922 ’
370 1918 418 1980 Ex
446 1917 490 1982 eis
523 1916 735 1999 scriptoribus,
772 1935 850 1998 quoe
880 1915 1004 1982 Catonis
1040 1916 1077 1982 de
1111 1937 1175 2003 agr.
1210 1918 1330 1984 librum

285 2025 501 2090 inmanibus
543 2025 678 2090 tenuisse
729 2043 767 2090 ex
811 2024 949 2106 ipsorum
993 2024 1136 2107 operibus
1183 2021 1348 2106 efficitur,

290 2133 430 2213 sequitur
455 2130 570 2210 Cicero,
596 2133 683 2197 cuius
708 2151 747 2196 ex
769 2132 871 2197 verbis
890 2132 962 2196 libri
987 2132 1024 2196 de
1051 2133 1206 2199 senectute
1230 2135 1327 2216 capit'

288 2243 327 2304 lb
351 2240 477 2305 insertis
502 2239 655 2304 Gosnerus
678 2239 799 2323 colligit
824 2243 878 2303 aut
900 2239 981 2304 male
1010 2238 1157 2305 Catonem
1188 2241 1327 2324 descrip-

284 2348 350 2411 turn
375 2365 441 2412 esse
473 2365 507 2410 eo
543 2346 610 2429 ipso
648 2346 715 2410 loco
753 2347 808 2410 aut
846 2344 995 2412 Catonem
1033 2347 1137 2430 paullo
1177 2347 1325 2412 disertius

285 2454 468 2532 uberiusque
493 2453 593 2537 egisse
616 2453 652 2518 de
674 2453 783 2518 natura
805 2454 836 2518 et
858 2454 1030 2519 rationibus
1069 2472 1224 2538 agrorum,
1260 2455 1326 2519 frn-

285 2561 467 2639 mentorum,
491 2561 661 2638 vinearum,
688 2561 842 2625 arborum.
891 2561 934 2624 hx
966 2561 1019 2639 eis,
1055 2562 1118 2642 qui·
1141 2565 1214 2645 post
1245 2561 1326 2626 Ges-

289 2687 397 2732 nerum
418 2667 454 2731 de
475 2666 532 2732 hac
557 2668 735 2750 quaestione
760 2669 897 2752 egerunt,
923 2668 1065 2732 Klotzius
1090 2669 1174 2734 solus
1198 2668 1326 2733 adeius

289 2777 385 2842 verba
408 2776 548 2858 respexit
570 2776 600 2839 in
624 2774 730 2841 Jahnii
754 2776 910 2840 annalium
939 2776 959 2844 l.
985 2795 1010 2840 c.
1034 2796 1066 2860 p.
1087 2764 1131 2841 114
1158 2777 1233 2842 haee
1260 2777 1324 2840 fere

285 2884 422 2948 locutus:
457 2883 507 2960 ,da
528 2903 589 2948 nun
614 2881 690 2949 Cato
715 2882 814 2948 ofters
834 2883 864 2947 in
885 2883 938 2948 der
963 2883 1071 2948 schrift
1090 2882 1129 2948 de
1152 2903 1184 2948 re
1207 2885 1325 2950 mstica

285 3011 342 3057 von
360 2991 429 3055 dem
445 2994 557 3055 nutzen
575 2991 628 3055 des
646 2990 784 3075 diogene
808 2991 934 3072 sprioht,
957 2992 1012 3056 wie
1036 3011 1102 3072 cap.
1128 2993 1180 3056 36.
1199 2993 1251 3056 37.
1270 2994 1321 3057 61,

285 3119 318 3163 so
342 3104 421 3163 ubre
445 3097 494 3162 die
520 3099 609 3163 sache
635 3098 826 3181 abgemaoht,
860 3098 937 3162 donn
968 3115 1030 3162 uas
1051 3099 1082 3162 in
1106 3097 1175 3162 dem
1199 3100 1323 3164 verner-

293 3205 449 3288 gehenden
472 3206 585 3288 capital
610 3203 715 3269 Cicero
740 3204 817 3269 Cato
840 3208 916 3270 uber
937 3205 985 3270 die
1009 3206 1190 3271 ueinoultur
1213 3226 1242 3270 u.
1260 3207 1343 3291 dgl..

288 3315 375 3378 mehr
399 3332 492 3397 sagon
523 3313 610 3390 lbsst,
647 3312 711 3376 dies
743 3311 802 3376 soll
841 3312 916 3377 doch
952 3313 1094 3400 garnioht
1128 3332 1184 3378 aus
1220 3311 1320 3379 Cato's

286 3420 398 3487 schrift
422 3420 560 3484 entlehnt
592 3419 777 3498 enscheinen,
815 3419 947 3484 obsohon
980 3418 1027 3484 die
1050 3420 1179 3485 meister
1213 3440 1317 3506 gegan-

287 3528 403 3605 sttinde,
435 3547 524 3591 usnn
551 3528 629 3593 auch
652 3527 738 3590 nicht
760 3526 790 3590 in
816 3526 885 3591 dem
908 3527 1043 3610 hoheren
1058 3527 1215 3592 ethisohen
1239 3529 1318 3593 sinna

289 3638 346 3700 wie
370 3635 421 3700 bei
447 3633 560 3714 Cicero,
599 3636 630 3699 in
655 3633 708 3698 der
737 3633 846 3698 schrift
871 3632 974 3699 Cato's
1005 3633 1210 3719 abgehnndelt
1245 3635 1317 3700 sind.
1371 3693 1374 3700 .

286 3743 393 3810 Refert
428 3742 525 3826 igitur
558 3741 704 3807 Klotzius
737 3762 772 3806 aa
799 3742 901 3820 verba,
938 3761 1015 3824 quae
1042 3741 1147 3808 Cicero
1178 3741 1317 3808 (latonam

287 3853 464 3934 loquentem
487 3850 576 3916 facit:
615 3850 704 3916 dixi
723 3851 766 3918 in
791 3868 832 3920 eo
856 3851 970 3928 libro,
1004 3869 1117 3933 quern
1142 3849 1317 3950 derebus
