2972 4710
689 393 929 458 -158-

299 585 434 653 Gellium
469 587 598 668 periisse
640 586 789 664 videntur,
820 605 888 650 eum
922 585 1031 651 horum
1066 588 1218 669 operibus,
1254 608 1334 669 quae

299 694 400 758 omnia
424 695 622 772 continerent,
648 696 864 777 supervacanei
884 694 958 759 faeti
981 695 1091 761 essent.

387 818 472 900 Quae
495 819 647 884 sententia
670 820 774 885 nostra
804 839 862 884 non
887 820 1039 884 refellitur
1067 822 1228 904 perpaucis
1258 821 1334 886 reli-

298 928 367 1009 quis
397 928 473 992 locis
507 927 690 1008 scriptorum
719 927 897 991 Latinorum
933 927 1063 992 maxime
1095 930 1166 1009 post
1195 928 1335 994 Plinium

296 1035 481 1112 florentium,
508 1035 620 1117 quibus
643 1033 768 1100 Catonis
791 1033 870 1099 liber
893 1034 930 1099 de
953 1035 1144 1118 agricultura
1163 1035 1287 1100 citatur.

386 1160 479 1242 Apud
503 1160 628 1226 Festum
655 1159 780 1225 Catonis
803 1160 839 1224 de
863 1159 1053 1244 agricultura
1076 1159 1154 1224 liber
1175 1179 1335 1242 nunquam

297 1269 421 1346 citatur,
447 1268 500 1332 sed
524 1267 654 1332 fortasse
678 1267 717 1332 ed
741 1287 811 1333 eum
838 1267 1030 1332 referendum
1057 1267 1112 1346 est,
1149 1268 1231 1348 quod
1256 1267 1336 1332 dicit

296 1378 333 1442 de
358 1377 453 1460 dape:
471 1375 558 1458 daps
582 1376 662 1457 apud
687 1376 828 1456 antiquos
852 1375 1012 1439 dicebatur
1035 1395 1083 1440 res
1109 1375 1221 1452 diviua,
1253 1394 1333 1456 quae

294 1486 390 1551 fiebat
411 1488 465 1549 aut
487 1484 614 1549 hiberna
637 1485 773 1549 semente
798 1485 852 1547 aut
874 1502 966 1547 verna
990 1484 1065 1565 etp.
1083 1485 1181 1548 51Μ.
1207 1483 1334 1567 culigna

294 1612 350 1656 vas
375 1592 538 1674 potorium.
583 1590 668 1668 Cato,
695 1591 859 1676 salignam,
895 1591 1005 1670 inquit,
1041 1591 1073 1654 in
1107 1591 1195 1656 foeno
1219 1611 1334 1675 graeco

296 1701 389 1781 ponit,
414 1701 450 1764 ut
475 1701 550 1764 bene
575 1700 664 1774 oleat,
697 1717 776 1779 quae
806 1699 899 1764 verba
922 1717 1106 1780 quamquam
1130 1700 1161 1762 in
1184 1698 1263 1763 libro
1294 1699 1332 1764 de

294 1807 484 1891 agricultura
515 1826 573 1870 non
601 1807 805 1886 inveniuntur,
840 1812 945 1872 tamen
979 1807 1137 1872 simillima
1165 1807 1210 1873 eis
1245 1811 1331 1888 sunt,

295 1933 371 1996 quae
398 1915 429 1978 in
452 1915 620 1978 novissima
642 1914 713 1978 libri
735 1919 823 1996 parte
843 1915 1026 1998 composuit.

382 2040 418 2103 ln
441 2043 489 2102 tot
512 2040 781 2123 grammaticorum
802 2040 966 2106 latinorum
998 2041 1205 2106 uoluminibus
1232 2042 1333 2107 Keilii

293 2147 436 2212 editionis
461 2146 585 2211 Catonis
610 2147 646 2211 de
669 2148 860 2228 agricultura
880 2147 959 2213 liber
981 2167 1039 2212 non
1063 2149 1176 2213 citatur
1199 2149 1258 2213 nisi

381 2273 562 2338 aDionrcde
586 2276 660 2351 368,
680 2277 738 2338 26:
765 2279 813 2339 est
841 2279 944 2339 tamen
969 2274 1049 2357 apud
1073 2281 1193 2340 veteres
1217 2295 1333 2340 veneor

291 2381 322 2445 et
352 2381 495 2444 venditus
533 2399 600 2444 sum
636 2385 669 2444 et
706 2382 787 2464 apud
825 2383 972 2447 Plautum
1006 2402 1073 2468 ,ego
1107 2382 1155 2446 illi
1193 2391 1329 2449 voneor‘.

294 2492 442 2572 tyrannus
467 2488 504 2552 de
525 2487 715 2572 agricultura
730 2489 828 2572 primo
853 2490 985 2574 ‚patrem
1002 2490 1137 2555 familias
1159 2491 1331 2556 vendacem

292 2597 393 2680 magis
417 2614 508 2675 quam
534 2613 668 2660 emacem
693 2596 815 2679 expedit
839 2617 914 2674 esse,
940 2617 1009 2661 nam
1032 2597 1065 2661 id
1077 2598 1187 2663 melius
1212 2599 1331 2663 emitur

293 2722 386 2784 quam
402 2704 533 2768 venitur*
560 2709 707 2788 tyrannus
722 2705 821 2768 ΑΒΜ.
848 2703 990 2768 'lirianus
1004 2704 1041 2769 ed
1056 2705 1151 2787 prino.
1180 2705 1329 2772 Titianus

289 2812 383 2875 etiam
407 2811 437 2876 S.
484 2811 561 2876 Cato
584 2813 680 2876 etiam
714 2812 759 2877 ed.
785 2811 905 2878 Asiens.
938 2831 966 2877 a.
994 2813 1090 2879 1516.
1122 2811 1328 2880 elestede

289 2937 356 3000 agr.
382 2923 411 2983 2.
458 2919 577 2984 Titiani
610 2939 721 2984 nomen
743 2921 813 3002 post
837 2920 1066 2986 Lachmannum
1089 2922 1109 2985 l.
1135 2902 1161 2986 o.
1186 2921 1331 2987 defendit

289 3027 321 3088 F.
344 3026 480 3090 Haasius
503 3027 533 3110 ln
557 3025 684 3111 Gregor.
715 3028 826 3091 Turan.
852 3027 1002 3092 decursu
1036 3028 1116 3093 stell.
1142 3028 1268 3093 Vratisl.
1294 3049 1325 3094 a.

291 3133 374 3197 1853
395 3153 425 3216 p.
451 3136 503 3198 37.
529 3134 658 3200 fortasse
682 3134 849 3199 Turranius
873 3134 910 3200 cf.
936 3136 1035 3199 Varro
1058 3156 1083 3199 r.
1096 3157 1120 3200 r.
1136 3136 1164 3200 ll
1179 3135 1274 3217 praef.
1288 3141 1324 3203 6.

287 3239 366 3306 Plin.
390 3261 420 3304 n.
443 3241 472 3304 h.
498 3241 554 3319 111,
587 3247 616 3321 1,
643 3244 672 3307 3.
715 3242 754 3306 ef.
778 3241 860 3306 Keil.
885 3243 906 3307 l.
932 3261 957 3308 c.

377 3349 427 3429 Ad
458 3385 523 3449 cap.
547 3367 609 3431 103
651 3366 781 3432 fortasse
812 3367 938 3449 respicit
972 3366 1081 3433 Charis
1108 3389 1138 3452 p.
1163 3372 1236 3447 217,
1267 3374 1323 3437 14.

286 3473 425 3536 rarenter
448 3471 523 3538 Cato
546 3477 583 3539 ut
603 3474 685 3538 idem
709 3475 864 3540 Maximus
888 3475 977 3540 notat
999 3494 1054 3558 pro
1076 3494 1153 3540 raro.

375 3597 411 3661 111
434 3597 561 3679 reliquis
583 3599 790 3663 voluminibus
812 3598 937 3663 Catonis
961 3599 1039 3664 liber
1069 3601 1106 3664 de
1131 3601 1324 3687 agricultura

285 3721 343 3767 non
368 3704 490 3769 citatur.

374 3812 510 3877 Nonium
534 3814 717 3878 Varrone
740 3833 830 3878 usum
855 3833 921 3878 esse
951 3815 1016 3880 iam
1049 3835 1140 3899 supra
1173 3815 1320 3884 vidimus,
1455 3813 1456 3833 ¹

285 3917 406 3983 Plinius
430 3921 621 3998 Valerianus
646 3940 737 4002 quem
760 3922 896 3986 Plinium
922 3925 1109 4006 excerpsisse
1133 3925 1254 4002 scimus,
1281 3925 1320 3991 de

286 4043 317 4088 re
340 4026 419 4090 med.
444 4028 497 4106 IV,
523 4031 576 4095 29.
601 4027 638 4092 cf.
665 4028 830 4094 Schneider
852 4049 882 4111 p.
902 4030 975 4126 202.
