3018 4716
293 687 353 749 qua
376 667 495 744 Latina,
513 649 517 660 ’
534 667 722 749 comparatio
751 667 894 743 ostendit,
931 667 962 730 in
995 667 1089 750 stirpe
1125 667 1216 732 huius
1247 668 1330 732 vocis
1441 695 1443 698 ·

293 774 447 838 vetustam
471 774 607 839 vocalem
628 773 732 838 fuisse.
781 772 918 857 (Curtius
948 775 1039 858 etym.
1065 773 1172 838 Graec.
1199 796 1228 857 p.
1253 777 1329 840 367.

293 881 498 961 0011661111,
531 882 597 945 367
633 881 674 946 id.
711 882 840 967 symbol.
874 882 939 945 crit.
966 880 1003 945 ad
1027 900 1092 945 voc.
1117 881 1170 945 lat.
1208 882 1329 946 format.

293 1009 364 1074 pag.
401 989 489 1074 201.)
544 1009 729 1070 quamquam
765 1009 780 1052 6
816 988 932 1054 Graeca
973 1007 1045 1053 voce
1085 989 1192 1051 λιπτω
1225 990 1331 1073 colligi

292 1097 406 1179 potest,
433 1097 495 1160 iam
518 1096 550 1160 in
573 1095 680 1180 lingua
701 1096 951 1180 lndogermanica
976 1096 1202 1161 vacillationem
1233 1117 1330 1179 quan-

293 1205 363 1268 dam
399 1204 535 1267 extitisso
566 1203 599 1267 iu
635 1203 693 1267 hac
729 1203 823 1284 stirpe
862 1203 943 1266 inter
972 1203 1093 1267 vocales
1126 1203 1140 1269 i
1173 1204 1204 1267 et
1233 1223 1256 1270 u
1290 1203 1327 1268 cf.

297 1311 421 1376 Curtius
444 1311 466 1375 l.
491 1311 512 1373 l.
537 1330 566 1391 p.
594 1311 657 1374 718
682 1309 884 1386 0011161111,
911 1311 984 1374 335.
1032 1311 1067 1374 ln
1082 1310 1330 1392 inscriptionibus

293 1417 516 1483 vetustioribus
540 1416 720 1498 plerumque
744 1437 763 1480 u
792 1417 1082 1481 vocalis'invenitur
1110 1417 1147 1481 cf.
1181 1415 1213 1481 0.
1239 1416 1268 1480 J.
1293 1416 1327 1478 L.

291 1527 315 1603 Ι,
351 1547 381 1608 p.
419 1524 483 1589 584
520 1525 576 1589 ool.
614 1529 644 1589 3.
691 1526 906 1606 praeterquam
940 1523 1022 1604 quod
1063 1521 1095 1587 6.
1129 1525 1158 1589 J.
1191 1524 1225 1588 L.
1266 1525 1329 1588 190

281 1632 406 1714 legitur
427 1633 561 1699 libens
582 1631 659 1696 610.
677 1632 707 1702 J.
726 1633 759 1696 L.
781 1633 843 1696 182
861 1632 891 1694 in
907 1632 1103 1712 inscriptione
1117 1631 1330 1712 antiquissima

293 1761 327 1805 ex
357 1739 531 1804 Marsorum
565 1740 676 1802 finibus
699 1737 804 1802 libs
828 1739 848 1802 i.
874 1759 899 1802 e.
934 1739 1033 1804 libens
1064 1738 1101 1802 cf.
1132 1738 1328 1802 Mommsenii

293 1846 548 1911 commentarium
575 1845 612 1910 ad
637 1847 726 1910 inscr.
752 1846 804 1910 cit.
830 1846 861 1910 et
885 1846 921 1910 de
945 1845 1016 1908 dial.
1043 1845 1112 1909 Ital.
1135 1823 1234 1927 infsp.
1252 1845 1328 1923 346,

292 1973 352 2036 quo
394 1952 512 2018 accedit
550 1952 623 2017 deae
660 1971 768 2018 nomen
800 1954 837 2016 ab
877 1954 981 2018 eadem
1007 1952 1115 2034 stirpe
1159 1952 1329 2016 derivatum

292 2061 428 2126 Libitina
453 2059 591 2145 (Curtius
614 2063 705 2144 etym.
731 2080 759 2141 p.
786 2062 860 2124 360.
898 2061 952 2141 qui
983 2053 1122 2141 sequitur
1144 2052 1329 2122 ·Preller'um
1388 2119 1393 2128 ,

293 2167 464 2252 mytholog.
513 2167 605 2231 Rom.
631 2186 701 2250 pag.
726 2168 804 2250 387)
829 2167 877 2230 bis
900 2167 931 2230 in
954 2167 1022 2247 lege
1044 2166 1130 2232 Julia
1153 2165 1329 2246 municipali

295 2275 327 2338 0.
344 2275 374 2339 J.
392 2275 426 2338 L.
453 2275 527 2351 206,
551 2277 603 2338 94.
631 2274 702 2337 104.
733 2272 822 2337 Certe
838 2275 869 2338 in
885 2273 1133 2355 inscriptionibus
1151 2272 1329 2354 saepissime

293 2376 375 2446 extat
400 2380 503 2445 fornia
526 2400 548 2446 u
574 2381 710 2446 vocalem
733 2381 886 2460 exhibens,
922 2381 1001 2472 unde
1029 2380 1107 2446 hanc
1138 2380 1329 2444 usitatiorem

293 2490 388 2554 luisse
410 2480 551 2553 efficitur.
602 2491 686 2568 Quae
704 2507 773 2553 oum
795 2489 840 2553 ita
862 2490 932 2566 sint,
960 2489 1032 2568 quia
1054 2489 1211 2570 praeterea
1234 2487 1332 2552 forma

290 2597 411 2660 lubet
439 2596 527 2659 libris
551 2616 624 2660 mss.
651 2587 847 2661 confirmatur
871 2597 902 2660 lu
925 2597 1003 2662 libro
1028 2595 1064 2660 de
1089 2615 1153 2679 agr.
1182 2597 1201 2660 3
1225 2595 1332 2658 lubeat

263 2751 265 2756 .
295 2703 414 2788 (lubeat
438 2703 473 2766 P.
488 2701 517 2766 b.
539 2703 646 2766 iubeat
667 2703 705 2766 A.
722 2722 746 2767 0.
761 2703 887 2768 iubeant
898 2704 918 2767 f.
933 2704 975 2788 v.)
996 2704 1052 2785 frg.
1069 2705 1119 2781 16,
1137 2701 1329 2784 1611110611.

291 2810 332 2887 11,
358 2812 444 2887 28,6
486 2810 601 2874 lubet
625 2810 725 2892 (iubet
750 2811 880 2895 Regius,¹
901 2811 1000 2875 lubeis
1023 2811 1176 2895 Vatican.)
1212 2812 1263 2886 23,
1290 2811 1330 2872 10

292 2938 339 3000 ap.
363 2917 442 2983 Gell.
468 2918 521 2995 vl,
561 2919 580 2982 3
612 2917 734 2983 luberet
765 2918 897 3002 (luberet
927 2917 1072 2982 Rotteud.
1098 2919 1184 2982 iubet
1205 2914 1238 3004 [b
1261 2935 1331 2980 cum

290 3025 418 3114 lineola]
446 3028 515 3091 Vat.
543 3025 579 3114 [li
595 3046 743 3108 suprascr.
767 3047 807 3098 m.
822 3025 897 3114 seo]
911 3017 1129 3109 lib’ctRegius)
1145 3026 1176 3088 et
1194 3025 1225 3088 in
1242 3023 1328 3092 codd.

291 3138 444 3204 vetustam
466 3135 596 3198 sormam
618 3135 648 3197 in
670 3135 867 3199 recentiorem
888 3135 1038 3199 mutatam
1054 3152 1120 3198 esse
1132 3133 1329 3199 verisimilius

292 3247 339 3310 est
355 3265 446 3326 quam
464 3242 657 3318 contrarium,
680 3263 738 3307 non
752 3243 857 3306 dubito
880 3243 952 3323 quin
969 3263 992 3305 r.
1007 3259 1030 3305 r.
1058 3241 1087 3318 5,
1104 3244 1122 3304 2
1145 3241 1250 3306 libeat.
1277 3244 1329 3321 5,5

290 3353 410 3418 libebit.
436 3351 494 3432 lrg.
522 3350 574 3427 58,
600 3351 639 3413 12
664 3349 813 3414 collibuit.
857 3350 1006 3414 libentius
1032 3371 1055 3412 r.
1078 3371 1101 3412 r.
1128 3351 1157 3412 4.
1190 3351 1218 3426 5,
1239 3353 1273 3427 5;
1300 3354 1328 3415 6.

297 3461 404 3538 1516
428 3460 485 3524 bis.
511 3459 642 3522 libenter
669 3459 792 3536 156,1;
819 3462 837 3522 6
861 3459 956 3522 libido
984 3449 1091 3534 1564
1128 3459 1329 3523 vetustiorum

292 3571 459 3635 formarum
492 3567 522 3629 in
559 3566 660 3630 locum
697 3567 879 3630 recentiores
917 3566 1102 3630 substitutae
1133 3566 1202 3643 sint,
1249 3567 1329 3649 quod

291 3675 488 3741 confirmatur
525 3674 623 3738 forma
656 3675 756 3738 lunter
793 3695 815 3738 r.
841 3695 864 3737 r.
901 3678 951 3748 11,
978 3677 996 3737 5
1036 3673 1158 3756 (luntris
1190 3675 1327 3742 PAbc.

292 3785 396 3849 lintris
421 3784 442 3847 f.
466 3783 574 3846 lintres
593 3785 624 3867 1)
649 3803 709 3864 qua
732 3783 765 3845 iu
789 3801 861 3846 voce
885 3784 916 3846 et
939 3783 1005 3865 ipsa
1029 3783 1143 3846 vocalis
1161 3784 1330 3866 antiquitus

292 3892 465 3957 vacillabat,
482 3891 562 3954 inter
583 3909 606 3956 u
631 3891 662 3954 et
685 3892 707 3956 i.
738 3883 792 3954 cf.
828 3891 1006 3955 Buecheler.
1039 3911 1117 3955 mus.
1148 3892 1242 3956 thc.
1275 3893 1328 3970 XI,

293 4002 356 4064 297
387 4017 470 4082 sequ.
524 3997 662 4062 Corssen.
694 3998 790 4082 symb.
825 3999 891 4062 crit.
923 3998 970 4063 ad.
1003 4017 1067 4062 voc.
1101 4000 1168 4066 Lat.
1206 3999 1327 4064 format.
