3018 4716
716 415 935 484 ...46..

310 611 408 694 1873)
445 629 567 692 semper
601 609 663 674 fere
700 610 862 674 forma-
887 611 987 675 undus
1021 583 1124 676 utatur
1159 616 1281 696 praeter
1319 636 1363 680 ea

308 720 411 795 uerba,
436 719 466 781 in
492 719 604 799 quibus
630 718 770 803 gerundii
795 719 890 782 exitui
905 739 935 794 u,
958 738 1008 800 qu,
1034 739 1054 782 v
1078 721 1273 800 antecedunt,
1302 725 1364 787 ubi
1478 708 1480 786 i

307 846 346 891 ne
368 827 399 889 in
423 826 524 890 titulis
551 825 676 906 quidem
701 825 799 889 forma
822 827 855 888 in
879 863 920 872 ——
940 826 1040 890 undus
1065 828 1167 904 extat,
1190 829 1254 893 ind.
1279 851 1356 914 pag.
1480 923 1481 926 Ἴ

309 935 509 1011 6096012,
545 952 733 1014 quamquam
764 935 797 997 in
828 935 876 998 his
901 935 1022 1016 quoqrie
1058 936 1163 1001 formis
1199 937 1359 1019 quondam
1480 957 1481 1020 j

308 1043 439 1107 formam
460 1042 489 1104 in
510 1078 548 1087 -
567 1041 666 1105 undus
691 1060 751 1105 non
774 1043 955 1107 inusitatam
978 1041 1073 1107 fuisse
1100 1044 1234 1108 ostendit
1257 1045 1363 1110 forma

308 1150 428 1214 numeri
449 1149 595 1213 ordinatis
621 1148 790 1225 seeundus3
828 1169 897 1214 oum
932 1168 1022 1232 porro
1046 1152 1076 1214 in
1100 1152 1204 1216 Plauti
1237 1154 1269 1216 et
1292 1155 1359 1218 Te-

307 1259 399 1323 rentii
429 1258 517 1321 libris
550 1276 623 1320 mss.
660 1257 759 1322 forma
795 1259 824 1322 in
852 1296 892 1306 -
917 1258 1015 1322 undus
1051 1277 1172 1341 semper
1208 1260 1271 1326 fere
1308 1263 1359 1325 in-

314 1367 466 1442 veniatur,
489 1365 591 1429 neseio
617 1384 653 1427 an
679 1366 793 1447 optime
815 1367 845 1430 in
868 1367 911 1430 eis
936 1367 1052 1444 formis,
1076 1367 1107 1430 in
1130 1367 1285 1448 quibus‘n.
1303 1390 1357 1451 qn.

309 1495 327 1538 v
356 1472 548 1547 antecedunt,
573 1473 722 1537 exitus-
742 1474 837 1538 endus
855 1472 963 1538 Catoni
985 1473 1147 1548 tribuatur,
1172 1475 1203 1538 in
1226 1476 1358 1558 reliquis

314 1581 481 1645 —undus
536 1580 574 1644 of.
611 1581 697 1644 Neue
734 1581 801 1658 11²,
838 1601 867 1662 p.
892 1581 955 1645 452
993 1600 1076 1662 sequ.
1125 1580 1253 1646 Corssen
1284 1585 1354 1663 112,
1404 1563 1406 1568 ¹

313 1711 344 1773 p.
373 1691 436 1753 180
465 1687 593 1772 symbol.
618 1687 684 1750 erit.
712 1707 741 1769 p.
770 1689 833 1751 120
859 1707 942 1768 sequ.
989 1689 1257 1775 Krit'naohtrage
1282 1710 1355 1776 pag.

317 1798 379 1862 133
406 1815 490 1876 sequ.
516 1813 517 1816 ’
540 1793 572 1858 0.
598 1794 628 1858 J.
650 1795 684 1856 L.
711 1795 733 1857 1.
758 1815 788 1877 p.
816 1797 878 1860 609
905 1795 961 1859 oei.
986 1798 1015 1858 2.
1372 1875 1376 1882 .

404 1901 554 1967 Similiter
576 1921 624 1965 res
650 1920 682 1964 se
707 1902 801 1965 habet
820 1903 849 1964 in
867 1903 1057 1966 ooniunoii'vo
1079 1904 1248 1984 praesentis
1266 1906 1357 1970 verbi
1395 1897 1398 1902 ’

311 2010 507 2087 substantivi,
545 2009 597 2072 ubi
622 2009 784 2073 euformis
820 2009 951 2074 vetustis
986 2010 1016 2073 in
1041 2008 1166 2080 Catonis
1200 2010 1279 2075 libro
1316 2013 1357 2078 de

313 2118 502 2204 agrioultura
531 2116 663 2180 secunda
689 2118 720 2180 et
740 2117 832 2180 tertia
857 2135 986 2198 persona
1012 2116 1177 2200 singularis
1202 2118 1233 2182 et
1260 2119 1358 2184 tertia

309 2245 438 2310 persona
466 2224 599 2307 pluralis
635 2224 756 2306 saepius
791 2223 998 2298 inveniuntur,
1036 2243 1103 2286 eum
1141 2224 1234 2288 simul
1267 2244 1355 2290 eorn-

310 2333 449 2416 pluribus
472 2332 549 2396 loeis
573 2332 722 2395 recentior
743 2330 841 2401 forma
865 2331 1021 2412 oodioibns
1054 2330 1260 2396 confirmetur.
1309 2334 1358 2398 Ut

311 2441 497 2506 deteriorum
522 2438 672 2503 oodioum'
687 2438 918 2520 discrepantias
945 2458 1022 2519 quae
1054 2457 1113 2502 uno
1143 2458 1263 2520 quoque
1287 2440 1355 2505 fere

313 2549 380 2613 loeo
416 2547 527 2622 extant,
562 2545 817 2627 praetermittam,
857 2547 887 2609 in
920 2547 1012 2610 tertia
1046 2563 1176 2628 persona
1212 2548 1354 2632 sexagies

311 2656 409 2722 sexies
425 2654 523 2730 forma
540 2653 662 2716 vetusta
681 2653 761 2716 siet
783 2653 906 2736 legitur
934 2654 983 2716 oui
1006 2653 1106 2717 deeies
1131 2654 1227 2717 series
1252 2654 1355 2719 forma
1483 2700 1484 2717 .

309 2762 460 2828 recentior
484 2761 547 2825 sit
570 2760 683 2836 obstat,
716 2759 747 2823 in
772 2761 864 2824 tertia
887 2779 1016 2842 persona
1047 2761 1177 2842 pluralis
1206 2761 1353 2826 undecies

310 2868 578 2934 formaretustior
603 2868 749 2944 sient,
790 2867 891 2931 decies
923 2867 1021 2931 forma
1045 2858 1196 2932 recentior
1232 2869 1350 2947 sint,
1483 2896 1484 2919 1

309 2979 340 3041 in
365 2976 498 3040 secunda
520 2993 650 3057 persona
674 2975 841 3057 singularis
867 2976 974 3055 quater
990 2974 1088 3038 forma
1106 2975 1229 3039 vetusta
1249 2977 1351 3053 sisa,

310 3084 408 3148 forma
431 3082 582 3146 recentior
593 3101 759 3163 nunquam.
798 3081 961 3160 Quaeritur
977 3083 1081 3166 igitur,
1107 3084 1210 3146 utrum
1228 3081 1353 3148 Catonis

312 3210 433 3273 semper
457 3209 516 3253 una
539 3189 637 3253 forma
659 3182 842 3253 ¹vindieanda
866 3190 907 3253 sit
931 3210 968 3253 an
984 3190 1157 3270 promiscue
1181 3189 1271 3254 modo
1295 3191 1353 3256 hae

310 3297 400 3362 modo
424 3298 478 3360 illa
498 3317 572 3362 usus
597 3297 647 3360 sit.

400 3405 434 3467 In
475 3404 554 3488 frgg.
588 3404 686 3468 forma
721 3405 779 3467 sim
815 3404 974 3468 exhibetur
1010 3408 1061 3481 51,
1081 3407 1109 3466 2.
1152 3407 1203 3482 58,
1221 3408 1250 3469 9.
1291 3407 1352 3470 sies

310 3515 361 3589 85,
385 3516 414 3576 7.
456 3514 550 3588 824
586 3512 660 3592 qnid
696 3514 737 3576 sit
772 3511 975 3588 scribendum,
1012 3513 1163 3575 incertum
1205 3513 1261 3576 esi.
1311 3513 1353 3577 sit

313 3623 365 3697 66,
383 3626 411 3682 8.
438 3622 489 3695 77,
505 3619 535 3681 2.
571 3623 600 3682 7.
629 3620 725 3695 82,1.
752 3620 812 3683 siet
836 3622 887 3695 22,
904 3622 931 3682 6.
969 3639 1015 3700 ap.
1040 3617 1119 3683 Geli.
1145 3619 1198 3697 VI,
1213 3621 1244 3684 3.
1269 3620 1351 3701 (siet.

309 3726 410 3790 Vatio.
436 3725 582 3790 Rottend.
618 3727 643 3790 si
668 3727 710 3788 sit
733 3727 798 3790 eod.
822 3725 990 3802 Sozomeni,
1023 3727 1063 3790 sit
1086 3726 1204 3809 ooteri.)
1231 3728 1350 3803 37,19.

311 3835 363 3896 20.
399 3834 451 3909 50,
482 3836 499 3895 7
537 3851 584 3914 ap.
617 3833 714 3896 Priso.
746 3834 790 3896 VI
825 3852 895 3916 pag.
929 3835 1002 3896 226.
1040 3833 1080 3896 Η.
1107 3834 1180 3896 266.
1215 3833 1255 3896 Η.
1281 3833 1354 3917 (siet

310 3939 410 4022 Lugd.
437 3937 562 4002 Oarolir.
588 3959 618 4020 p.
640 3940 714 4002 226.
739 3942 813 4017 266,
851 3939 942 4021 Sang.
968 3943 999 4003 et
1022 3959 1171 4020 supersor.
1195 3940 1237 4004 et
1260 3941 1349 4004 Bern.

309 4067 339 4128 p.
370 4047 461 4128 226.)
487 4050 538 4124 71,
554 4048 583 4110 8.
613 4047 675 4109 sint
697 4049 749 4123 25,
765 4050 794 4110 4.
828 4037 907 4110 sient
934 4047 1122 4128 16‚10.ap.
1147 4047 1226 4111 Geli.
1252 4047 1351 4126 XVII,
