2972 4710
587 449 829 512 -151-

183 639 271 705 cendi
294 657 395 704 verno.
421 657 479 719 quo
503 637 653 703 maturius
677 637 818 704 incensus
842 639 898 716 est,
929 639 986 704 hoc
1016 640 1127 705 melius
1146 659 1218 725 pro-

185 745 278 824 venit,
303 746 408 828 itaque
425 744 635 810 harundinetis
658 745 792 810 maxime
809 745 958 825 convenit,
983 747 1219 828 quaelestinant

185 853 317 918 incendi.
343 851 431 917 sariri
453 851 540 917 iubet
562 851 645 916 idem
667 871 727 916 non
754 853 916 933 antequam
939 872 1106 938 asparagus
1129 855 1218 919 natus

182 961 286 1038 fuerit,
311 980 348 1025 ne
371 961 405 1025 in
421 959 560 1025 sarIendo
576 959 694 1024 radices
710 961 864 1024 vexentur.
890 980 926 1026 ex
942 979 976 1025 co
999 961 1073 1042 velli
1095 981 1218 1044 aspara-

183 1088 258 1154 gum
282 1068 319 1132 ab
340 1068 452 1146 radice,
475 1087 548 1159 nam
580 1067 606 1131 si
635 1066 835 1151 defringatur,
861 1068 1043 1150 stirpescere
1065 1069 1097 1133 et
1121 1070 1218 1136 inter-

184 1175 271 1253 mori,
297 1175 379 1253 velli,
413 1175 507 1240 donec
530 1175 561 1238 in
584 1193 687 1239 semen
714 1177 772 1240 eat.
823 1175 855 1238 id
878 1177 981 1240 autem
1012 1177 1219 1243 maturescere

183 1283 222 1348 ad
245 1302 298 1348 ver
320 1282 501 1364 incendique
524 1301 559 1346 ac
591 1300 706 1360 rursus,
736 1301 806 1346 oum
837 1283 1014 1365 apparuerit
1037 1261 1216 1368 asparagus,

183 1391 274 1455 sariri
298 1409 333 1454 ao
358 1389 527 1456 stercorari.
568 1408 603 1453 ac
623 1390 694 1471 post
717 1409 810 1454 annos
834 1390 918 1468 VIII,
950 1410 1020 1456 cum
1044 1392 1106 1456 iam
1130 1393 1218 1458 vetus

183 1498 234 1575 sit,
258 1497 355 1582 digeri
379 1497 506 1562 subacto
530 1496 768 1578 stercoratoque,
788 1498 856 1562 tum
879 1499 1022 1583 spongeis
1055 1500 1124 1577 seri,
1155 1501 1218 1566 sin-

183 1605 327 1690 gulorum
345 1604 458 1689 pedum
474 1604 645 1669 intervallo.
682 1605 754 1687 quin
779 1608 810 1669 et
826 1605 919 1670 ovillo
942 1605 1015 1671 fimo
1037 1607 1217 1699 nominatim

112 1755 115 1758 -
183 1714 239 1793 uti,
278 1713 422 1795 quoniam
446 1713 529 1777 aliud
549 1713 659 1777 herbas
683 1716 787 1777 creet‘.
836 1712 990 1795 Sequitur,
1027 1715 1063 1779 ut
1097 1714 1218 1780 Plinius

183 1822 290 1888 cadem
313 1823 407 1886 verba
427 1820 547 1905 legerit,
573 1839 649 1900 quae
673 1840 729 1885 nos
751 1821 850 1885 adhuc
880 1821 1038 1886 habemus.
1085 1822 1218 1888 Dubita-

184 1931 300 1995 tionem
321 1929 440 1992 tantum
465 1929 588 1993 movent
609 1929 703 1993 verbe
725 1928 1007 2010 „novissimumque
1037 1929 1110 1994 libri
1138 1935 1217 2010 est“,

184 2056 271 2121 quae,
310 2055 380 2100 cum
409 2054 468 2100 non
500 2036 542 2099 sit
576 2035 776 2100 novissimum
808 2035 889 2114 libri,
927 2034 1080 2101 Gesnerus
1116 2039 1220 2103 censet

184 2145 300 2229 optime
337 2143 543 2208 demonstrare
576 2141 699 2208 (tatonis
733 2142 804 2207 libri
838 2143 974 2208 ordinem
1005 2145 1218 2226 perturbatum

183 2271 259 2329 esse,
284 2251 355 2333 quia
378 2251 578 2316 novissimum
601 2249 678 2314 nihil
702 2250 793 2331 sequi
812 2250 919 2333 possit,
946 2251 1027 2332 quod
1051 2250 1217 2318 Schneide-

183 2379 236 2424 rus
262 2359 293 2422 et
313 2358 444 2422 maxime
469 2357 612 2422 Klotzius
635 2358 932 2423 refellereeonatur.
966 2357 1054 2424 Certe
1077 2359 1109 2424 in
1124 2361 1218 2425 Plinii

183 2465 349 2548 exemplari
374 2464 410 2528 de
434 2484 581 2548 asparago
602 2464 769 2530 novissImo
784 2466 851 2530 loco
868 2467 1025 2550 agebatur,
1051 2486 1122 2530 nam
1140 2487 1216 2547 quae

183 2571 385 2638 Schneiderus
410 2573 441 2636 et
463 2572 605 2636 Xlotzius
625 2572 737 2650 dicunt,
760 2592 859 2658 nugae
885 2577 977 2654 sunt,
997 2574 1044 2638 ita
1066 2574 1103 2638 ut
1125 2576 1218 2657 caput

186 2682 257 2758 162,
282 2679 368 2744 cuius
385 2681 600 2764 argumentum
620 2679 744 2746 Catonis
761 2701 828 2746 esse
844 2682 991 2746 Varronis
1006 2681 1101 2759 locus
1126 2701 1218 2764 quem

190 2807 283 2870 supra
298 2788 468 2864 attulimus,
495 2788 637 2867 ostendit,
654 2789 772 2854 Plinius
789 2790 849 2854 alio
861 2791 934 2856 loco¹
945 2790 1056 2874 legisse
1068 2790 1216 2855 videatur.

184 2895 268 2975 Quae
292 2894 390 2960 adhuc
422 2896 634 2974 tractavimus,
674 2897 718 2961 cis
753 2897 784 2961 hi
808 2897 902 2962 Plinii
935 2898 995 2962 loci
1034 2897 1218 2982 adiungendi

184 3005 264 3068 sunt.
307 3003 375 3082 XV,
400 3005 453 3081 20,
478 3005 530 3068 84.
572 3004 687 3082 XVIII,
713 3007 742 3083 3,
769 3007 820 3070 23.

272 3111 405 3175 maxime
428 3111 547 3188 Plinius
572 3111 687 3188 XVIII,
714 3115 743 3190 6,
766 3113 823 3177 34:
855 3110 931 3192 Agri
964 3111 1062 3192 ipsius
1096 3111 1219 3176 bonitas

184 3219 310 3300 quibus’
328 3219 516 3303 argumentis
544 3218 707 3284 iudicanda
743 3221 793 3299 sit,
831 3208 1015 3302 quamquam
1051 3219 1088 3283 de
1119 3225 1218 3286 terrae

184 3346 293 3412 genere
317 3328 432 3408 optimo
450 3327 633 3412 dIsserentes
658 3327 776 3392 abunde
794 3327 906 3392 dixisse
930 3346 1094 3409 possumus
1110 3327 1216 3407 videri,

185 3435 352 3500 etiamnum
386 3436 488 3500 tamen
523 3435 653 3500 traditas
687 3437 776 3501 notas
811 3435 1059 3520 subsignabimus
1095 3433 1219 3500 Catonis

186 3544 318 3609 maxime
341 3542 460 3608 verbis:
494 3542 619 3609 ebulum
640 3544 692 3608 vel
713 3563 828 3627 prunus
860 3543 1010 3608 silvestris
1039 3544 1089 3609 vel
1120 3544 1215 3608 rubus

185 3652 297 3717 bulbus
333 3652 485 3745 miuutus,
526 3651 684 3730 trifolium,
728 3652 823 3716 herba
869 3652 1031 3735 pratensis,
1079 3670 1217 3733 quercus,

184 3759 335 3824 silvestris
359 3759 458 3842 pirus
497 3760 657 3839 malusque
689 3757 879 3824 frumentarii
917 3759 975 3824 soli
1005 3760 1104 3836 notae,
1144 3759 1218 3822 item

184 3868 272 3952 nigra
294 3868 377 3931 terra
400 3870 432 3932 et
460 3867 573 3931 cinerei
596 3866 716 3932 coloris
757 3867 854 3931 omnis
886 3868 969 3931 creta
1004 3866 1124 3948 coquet,
1159 3865 1219 3930 nisi

184 3993 357 4058 permacra,
391 3974 603 4056 sabulumque,
653 3975 713 4038 nisi
747 3974 779 4039 id
828 3975 921 4040 etiam
972 3975 1117 4056 pertenue
1162 3973 1218 4051 est,

186 4084 217 4148 et
245 4083 343 4148 multo
376 4082 599 4165 campestribus
625 4083 725 4168 magis
756 4102 847 4165 quam
877 4082 1001 4148 clivosis
1037 4080 1221 4166 respondent
