3018 4716
617 463 884 544 -lt-.

210 691 302 735 -es
325 670 525 735 vindicandus
556 672 611 749 111,
648 690 707 735 non
732 708 773 716 —
798 671 851 747 eis,
888 671 968 752 quod
1002 672 1143 737 Dietnius
1176 673 1252 737 vult.

212 777 301 857 Quod
325 797 396 843 vero
421 778 503 860 apud
526 777 674 842 Catonem
695 779 798 842 nullae
815 778 930 842 formae
946 779 1150 857 inveniuntur,
1178 799 1255 862 quae

211 885 340 950 diversis
362 886 554 968 temporibus
585 887 718 950 usitatae
751 886 845 963 erant,
883 887 969 950 velut
992 886 1074 967 apud
1097 888 1255 968 Plautum,

213 992 267 1057 sod
311 1012 417 1056 omnes
456 993 532 1056 certi
578 993 671 1075 spatii
711 993 962 1057 consuetudinem
1002 993 1145 1073 referunt,
1193 997 1256 1061 iam

212 1099 420 1181 suspicionem
434 1101 538 1164 movet
554 1104 673 1164 veteres
689 1099 803 1164 formas
822 1119 882 1164 non
905 1100 1068 1182 paullatim
1086 1103 1254 1183 evanuisse,

212 1206 266 1270 sed
291 1206 398 1271 eodem
423 1207 560 1289 tempore
585 1226 689 1271 omncs
715 1207 857 1288 expulsas
882 1227 959 1272 esse.
1137 1206 1141 1212 ’

306 1313 457 1378 Similiter
481 1318 574 1396 atque
598 1315 628 1378 in
650 1315 825 1379 accusativo
850 1315 980 1398 pluralis
1011 1316 1044 1378 in
1067 1306 1171 1381 dativo
1194 1318 1258 1402 sin-

216 1421 332 1501 gularis
357 1423 434 1486 varii
458 1423 557 1486 exitus
582 1422 772 1488 discernendi
797 1425 878 1487 suut.
926 1423 1050 1488 Etenim
1073 1443 1143 1487 eum
1175 1409 1256 1489 anti-

215 1529 373 1608 quissimis
408 1527 599 1612 temporibus
636 1530 734 1594 exitus
770 1530 867 1623 dativi
904 1530 1037 1596 eluerit
1073 1531 1257 1615 (Buecheler

212 1656 242 1718 p.
271 1638 358 1721 107),
399 1638 480 1718 qnod
515 1638 766 1720 inscriptionibus
802 1639 1023 1702 vetustissimis
1061 1640 1257 1704 confirmatur

214 1742 252 1806 of.
288 1743 376 1808 Neue
411 1746 435 1822 Ι,
469 1766 498 1827 p.
528 1746 600 1810 193.
650 1744 682 1810 Ο.
705 1746 734 1811 J.
749 1745 791 1820 ,ln
822 1746 837 1808 I
868 1745 929 1809 ind.
961 1767 991 1828 p.
1020 1749 1093 1825 603,
1139 1749 1196 1812 col.
1227 1750 1258 1813 2.·

215 1848 345 1916 Corssen
382 1853 406 1929 Ι,
435 1855 499 1916 726
535 1872 619 1934 sequ.
658 1854 859 1936 (quamquam
889 1854 1125 1936 inscriptionum
1160 1856 1259 1938 pluri-

214 1977 334 2022 marum
359 1961 484 2042 tempus
506 1961 657 2024 incertum
683 1962 738 2037 est,
763 1962 866 2024 tamen
883 1962 994 2025 aetatis
1019 1963 1094 2026 satis
1118 1964 1259 2028 vetustae

215 2068 311 2150 sunt),
337 2068 454 2150 postea,
482 2068 507 2132 si
529 2069 753 2133 Buechelerum
787 2069 874 2149 sequi
910 2069 992 2146 licet,
1031 2070 1081 2133 hio
1105 2071 1204 2135 exitus
1227 2072 1259 2135 in

215 2174 371 2238 nonnullis
409 2175 528 2239 tantum
561 2176 701 2240 formulis
734 2176 923 2240 solemnibus
959 2175 1109 2241 servatus·
1134 2179 1190 2255 111,
1225 2178 1261 2242 11

213 2281 281 2346 iure
307 2282 447 2359 dicundo,
473 2283 725 2361 Ι111.ΧΙιΙΙ28,
751 2286 779 2347 6.
828 2281 890 2346 Cio.
914 2283 951 2346 ad
974 2283 1047 2347 lam.
1072 2285 1141 2362 Vll,
1170 2287 1258 2362 13,2

216 2389 275 2452 111.
295 2389 332 2453 cf.
347 2390 518 2454 Buecheler
540 2412 570 2473 p.
592 2393 665 2467 108,
695 2393 782 2456 Neue
806 2412 835 2473 p.
857 2393 919 2455 193
937 2409 1022 2472 sequ.
1057 2390 1260 2459 Schneiderus

216 2497 321 2560 contra
344 2498 374 2561 in
410 2497 489 2562 libro
526 2518 580 2563 suo
615 2499 651 2563 de
688 2518 795 2563 vocum
829 2500 896 2562 Lat.
934 2498 1115 2563 formatione
1138 2519 1168 2580 p.
1196 2501 1259 2564 202

215 2605 277 2668 not.
303 2605 392 2668 valde
427 2605 631 2684 dubitaverat,
668 2611 772 2670 utrum
806 2626 838 2670 11
873 2625 945 2671 1111
968 2606 1025 2670 hae
1060 2605 1176 2670 formae
1206 2626 1260 2687 pro

217 2710 330 2775 dativis
354 2712 512 2777 habendae
537 2716 640 2778 essent
659 2733 698 2778 an
715 2715 819 2796 potius
835 2733 889 2796 pro
903 2714 1056 2789 ablativis
1083 2713 1165 2794 quod
1189 2731 1260 2777 con·

85 2863 87 2866 ,
216 2817 339 2884 firmare
360 2823 487 2884 conatur
510 2822 664 2885 nonnullis
688 2822 774 2897 locis,
801 2821 911 2902 quibus
936 2820 1089 2884 ablativus
1113 2820 1262 2884 audacius

219 2925 383 2991 adhibetur
418 2930 461 2992 ut.
498 2929 564 2994 Liv.
602 2929 714 3006 XXIV,
744 2931 795 3005 27,
822 2931 851 2994 3.
900 2928 998 2993 Tacit.
1024 2927 1172 3005 11111ΙΙΙ,
1210 2931 1261 2992 19.

218 3032 293 3097 ibid.
330 3035 414 3112 XIV,
449 3039 478 3100 4.
529 3036 577 3100 oui
612 3036 752 3117 quamvis
788 3035 931 3099 dubitans
963 3035 1169 3116 adstipulatus
1205 3036 1261 3098 est.

218 3140 337 3209 Neuius
362 3146 385 3220 l,
409 3164 439 3226 p.
468 3146 531 3209 194
567 3143 604 3207 cs.
631 3144 725 3206 etiam
760 3143 876 3226 Reisig.
907 3143 1014 3225 praell.
1053 3163 1083 3224 p.
1116 3144 1158 3206 86
1193 3160 1262 3206 cum

217 3253 308 3318 Hasii
332 3255 414 3318 nota.
463 3253 566 3335 Atque
596 3252 628 3315 in
660 3250 775 3316 Catone
801 3270 921 3333 quoque
956 3269 1003 3332 ap.
1033 3250 1112 3315 Gall.
1140 3250 1179 3327 ΙΙ,
1209 3253 1262 3329 28,

219 3364 248 3426 6.
276 3361 333 3446 frg.
362 3364 413 3439 16,
441 3365 492 3426 17.
525 3362 555 3426 J.
582 3360 620 3424 of.
646 3360 739 3424 Peter
772 3359 880 3423 histor.
905 3359 994 3423 Rom.
1024 3357 1102 3438 irgg.
1128 3359 1142 3420 l
1164 3378 1194 3440 p.
1222 3361 1262 3422 73

217 3488 265 3533 no.
293 3473 333 3533 77
357 3470 392 3532 in
415 3468 504 3533 codd.
528 3469 626 3552 Regio
660 3467 690 3531 et
713 3467 863 3531 Vaticano
893 3466 991 3530 forma
1021 3465 1168 3528 lumine
1199 3465 1263 3529 tra-

220 3577 285 3641 dita
309 3577 340 3642 et
375 3576 412 3640 ab
447 3576 573 3640 Hortalo
608 3576 642 3639 in
677 3574 841 3638 verborum
873 3573 1010 3637 ordinem
1046 3565 1171 3654 recepta
1207 3573 1264 3648 111,

220 3704 298 3766 quae
323 3683 422 3748 forma
447 3703 482 3746 11
504 3660 723 3746 sententiarum
756 3701 834 3745 nexu
869 3681 948 3744 nihil
973 3699 1039 3744 esse
1068 3679 1173 3762 potest
1207 3679 1265 3742 nisi

219 3791 342 3857 dativus
381 3790 551 3874 (ablativus
589 3790 738 3873 temporis
771 3788 917 3852 lumine
950 3806 1101 3852 essenon
1137 3786 1264 3870 potest),

221 3899 303 3981 quod
336 3901 367 3963 et
398 3898 564 3964 Jordanius
593 3899 676 3962 recte
708 3896 861 3960 intellexit
896 3896 927 3960 et
962 3895 1055 3958 Peter
1078 3894 1151 3958 hist.
1176 3894 1264 3956 Rom.

219 4007 300 4092 frgg.
326 4009 350 4084 Ι,
371 4027 401 4089 p.
424 4009 475 4072 73.
525 4005 719 4086 Quamquam
745 4004 882 4067 enimin
915 4001 1140 4066 recentioribus
1177 4000 1264 4064 codd.

218 4115 319 4179 forma
337 4115 476 4178 lumini
501 4113 667 4190 exhibetur,
690 4130 750 4174 non
767 4110 895 4175 dubium
913 4109 969 4187 est,
997 4109 1070 4189 quin
1093 4108 1170 4171 haec
1190 4107 1268 4171 nihil
