3018 4716
563 395 692 456 -.79
742 429 782 440 -

152 604 185 664 p.
203 583 265 647 115
290 581 420 647 formam
444 583 658 665 piissimus
681 582 861 647 cumforme
884 582 1195 648 strenuissimus

151 689 325 770 coniungit,
350 689 394 753 ita
417 691 451 754 ut
472 690 615 770 colligere
640 690 739 771 possis
764 708 833 754 eum
856 690 937 754 hunc
959 690 1060 773 ipsum
1080 691 1193 768 locum,

155 796 214 861 sed
239 782 329 861 aliter
353 798 562 879 comparatum
584 797 614 861 in
638 797 738 861 auimo
770 797 924 862 habuisse.
971 797 1134 863 Adiectiva
1164 797 1196 862 in

152 903 262 968 —uis
285 923 356 968 vero
380 923 501 985 semper
533 904 737 987 superlativus
773 905 933 984 finxerunt,
972 923 1064 986 quare
1098 903 1197 969 forma

105 1047 108 1051 ,
151 1011 365 1088 tenuissimus,
400 1030 490 1092 quam
520 1011 660 1076 Dietzius
689 1012 768 1077 inter
799 1012 965 1076 insolentes
988 1011 1088 1089 affert,
1119 1012 1198 1076 mira

151 1119 294 1183 nonest.
343 1116 458 1183 Contra
486 1120 523 1183 eb
556 1119 706 1184 adiectivo
737 1120 877 1184 maturus
907 1119 1135 1184 maturissimas
1167 1120 1199 1184 et

152 1226 361 1290 maturrimus'
382 1226 553 1292 derivatum
588 1246 654 1292 csse
692 1227 827 1291 testatur
856 1228 952 1292 Prisc.
978 1228 1033 1305 ΙΙΙ,
1057 1230 1143 1305 3,19
1167 1247 1197 1310 p.

154 1334 213 1398 95.
253 1331 359 1398 Charis
376 1334 415 1411 ΙΙ,
443 1334 483 1399 13
507 1355 536 1417 p.
554 1335 628 1400 205.
655 1333 708 1416 qui
732 1353 767 1398 ex
786 1332 900 1400 Catone
922 1334 998 1399 citat
1016 1335 1196 1398 maturrime

155 1440 219 1523 frg.
241 1442 337 1518 341.
372 1442 506 1523 (maturo
527 1461 577 1506 me
609 1441 675 1506 ced.
698 1443 796 1524 Neap.
821 1442 1001 1506 maturrime
1029 1441 1076 1506 ed.
1101 1442 1199 1523 princ.

155 1547 278 1633 vulgo.)
328 1568 396 1612 eum
442 1548 523 1614 idem
566 1547 673 1614 Charis
709 1550 730 1613 l.
764 1569 788 1614 c.
835 1549 893 1633 lrg.
940 1551 991 1626 36,
1023 1549 1072 1614 11.
1126 1549 1200 1620 citet

155 1655 378 1721 maturissime.
450 1657 633 1721 Maturrime
672 1656 801 1722 formam
846 1657 976 1722 vetustis
1011 1656 1201 1739 temporibus

155 1762 355 1827 usitatiorem
395 1762 489 1828 fuisse
530 1765 661 1830 efficitur
703 1784 737 1828 cr
775 1763 916 1829 Sallustii
955 1765 1126 1830 imitatione
1161 1763 1200 1830 cf.
1249 1793 1253 1804 ·

156 1871 255 1936 Neue·
273 1871 312 1947 ΙΙ,
335 1891 364 1952 p.
386 1873 462 1960 106,
510 1873 649 1954 Denique
681 1871 834 1955 purime
858 1873 1034 1937 tetinere
1059 1872 1202 1954 antiquos

157 1977 274 2042 dixisse
297 1997 352 2061 pro
384 1971 600 2062 purissime
636 1981 798 2044 tenuere
829 1979 919 2044 Pauli
950 1979 1034 2044 lest.
1071 1979 1204 2044 testatur

156 2104 233 2169 pag.
265 2089 350 2164 252„
376 2091 446 2151 oum
474 2087 505 2151 in
536 2087 601 2152 cod.
626 2088 739 2152 Fames
762 2087 881 2151 tantum
906 2087 1060 2168 supersint
1079 2086 1204 2151 literae:

163 2229 211 2238 -—
236 2193 396 2258 nissime
431 2195 576 2259 tenuer
621 2233 662 2241 -
707 2213 781 2276 quas
828 2193 998 2258 Muellerus
1043 2193 1203 2275 suppleuit

159 2300 354 2378 „Purime
385 2301 557 2366 tetinero
593 2302 709 2367 dietum
744 2302 792 2366 est
814 2300 1107 2384 propurissime
1142 2301 1203 2365 te·

157 2414 319 2472 nue1·e“.
369 2407 429 2474 Sed
465 2429 533 2473 cum
568 2410 658 2474 antea
682 2408 854 2492 complures
886 2427 923 2473 ex
947 2406 1061 2472 Catone
1084 2407 1204 2488 glossae

159 2514 278 2579 allatae
302 2516 372 2594 sint,
397 2517 502 2582 nescio
527 2537 564 2581 an
585 2518 643 2581 hec
660 2535 781 2598 quoque
806 2535 841 2580 ex
860 2516 915 2580 illo
932 2513 1127 2598 desumptum
1153 2514 1203 2592 sit,

160 2639 351 2704 quamquam
373 2644 397 2687 r.
416 2645 439 2688 r.
460 2627 511 2704 66,
529 2628 556 2688 l.
579 2625 610 2689 in
635 2623 721 2689 codd.
740 2623 899 2688 exhibetur
916 2621 1014 2687 forme
1028 2621 1202 2706 purissime.
1223 2691 1229 2706 ,

160 2729 333 2812 Participie
348 2731 423 2814 part.
441 2750 522 2815 pass,
549 2752 625 2814 quae
643 2731 869 2815 comparatione
886 2729 1044 2807 induntur,
1076 2730 1206 2794 collecta

162 2836 239 2900 sunt
273 2857 322 2919 ap.
354 2839 454 2904 Dietz.
480 2860 509 2921 p.
537 2840 587 2904 15.
622 2839 827 2904 minutissime
850 2858 874 2902 r.
898 2859 922 2902 r.
952 2840 1003 2915 95,
1019 2840 1048 2902 2.
1085 2838 1157 2914 107,
1175 2842 1203 2902 1.

161 2943 339 3010 ratissimus
368 2947 427 3031 frg.
453 2951 504 3027 42,
519 2949 549 3013 3.
585 2948 731 3012 incultior
754 2947 812 3031 frg.
839 2947 891 3024 60,
906 2949 948 3011 4.
973 2945 1123 3010 desertior
1145 2944 1203 3028 frg.

165 3050 221 3126 60,
235 3054 265 3115 4.
288 3054 439 3136 repulsior
462 3055 520 3139 frg.
544 3056 595 3133 60,
613 3058 642 3120 5.
668 3055 802 3120 curatier
821 3073 846 3118 r.
862 3074 886 3117 r.
914 3053 986 3118 103.
1036 3054 1082 3116 De
1099 3051 1206 3116 formis

165 3159 411 3240 sollertissimus,
448 3162 680 3240 inclutissimus,
718 3161 936 3226 stabilissimus
964 3180 988 3223 r.
1015 3179 1039 3223 r.
1064 3159 1149 3236 Vlfl,
1175 3161 1204 3223 2.

164 3269 226 3351 trg.
259 3271 376 3348 19,17.
414 3291 438 3336 r.
460 3291 483 3334 r.
516 3271 610 3353 praef.
645 3273 665 3335 4
701 3268 770 3334 vide
792 3268 925 3333 Nauium
949 3268 989 3345 Il,
1024 3285 1094 3351 pag.
1132 3267 1206 3331 133.

167 3377 244 3443 136.
272 3381 345 3447 137.
640 3395 643 3400 ·

259 3489 293 3552 In
317 3487 530 3570 pronominum
555 3486 755 3550 declinatione
775 3484 889 3547 librum
910 3481 947 3546 de
963 3481 1149 3562 agricultura
1172 3498 1207 3544 eo

167 3619 187 3664 a
211 3597 340 3679 reliquis
364 3594 494 3672 differre,
520 3593 602 3676 quod
626 3612 661 3657 ea
683 3591 871 3674 pronomina,
898 3607 1027 3670 quorum
1049 3586 1208 3652 terminari

168 3706 270 3771 soleat
292 3703 446 3787 genitivus
482 3702 559 3783 sing.
592 3721 647 3783 per
673 3700 733 3776 ius,
771 3697 892 3762 dativus
926 3715 981 3779 per
999 3695 1019 3771 i,
1055 3692 1208 3759 etiamad

168 3812 409 3880 declinationem
428 3811 594 3886 nominum,
628 3807 715 3890 quasi
739 3806 800 3870 sint
823 3804 946 3868 nomina
965 3802 1122 3879 adiective,
1145 3802 1208 3864 ter·

167 3923 356 3990 minutiones
372 3937 443 3984 sues
460 3918 590 3996 sumant,
616 3915 698 3980 reete
722 3913 861 3978 Dietzius
886 3911 969 3987 dicit,
995 3928 1071 3991 quas
1095 3909 1209 3972 formas

168 4032 296 4116 linguae
313 4028 449 4110 vulgaris
469 4025 607 4109 proprias
627 4023 721 4088 luisse
746 4021 782 4086 0.
801 4018 982 4100 Rebliugius
1006 4018 1037 4082 in
1054 4034 1209 4082 commen-
