3018 4716
690 461 887 534 ...qm

262 651 376 726 forensi
407 659 486 724 illud
515 661 577 725 iam
612 661 779 744 protulisse
812 661 896 725 dicat
931 662 1053 742 linguae
1084 681 1190 745 genus,
1227 662 1309 745 quod

262 771 371 851 postea
394 788 469 851 pure
495 770 525 832 et
550 768 711 833 emendate
733 769 820 852 loqui
844 770 1008 833 uocabant.

354 876 454 956 Quare
476 895 546 940 eum
569 877 649 941 liber
673 876 710 941 de
741 877 931 960 agricultura
953 877 1064 960 plenus
1100 877 1142 941 sit
1172 878 1309 942 omnium

266 1003 369 1048 earum
392 1004 504 1062 rernm,
535 1003 612 1066 quae
636 984 746 1067 cuique
773 984 905 1049 sermoni
929 984 1050 1068 vulgari
1078 985 1219 1068 propriae
1242 1004 1309 1050 esse

264 1092 390 1170 soleant,
415 1092 446 1156 in
469 1092 526 1157 hoe
547 1093 627 1156 libro
652 1111 823 1156 sermonem
848 1092 1019 1175 vulgarem,
1041 1092 1072 1156 in
1096 1092 1225 1174 reliquis
1244 1111 1308 1158 ser-

263 1220 384 1266 monem
407 1200 556 1264 urbanum
582 1201 743 1284 agnouisse
768 1200 826 1264 sibi
840 1200 971 1264 videtur.
1021 1198 1082 1264 Sed
1105 1199 1172 1282 ipse
1191 1200 1221 1264 in
1238 1219 1309 1283 pro-

151 1310 154 1315 '
242 1309 353 1398 ¹nimis
377 1308 479 1372 verbis
501 1307 577 1372 dicit
601 1307 749 1372 Catonem
783 1308 868 1371 nulla
898 1326 930 1371 re
960 1306 1097 1372 caruisse
1135 1307 1195 1372 nisi
1229 1308 1309 1391 poli·

262 1416 385 1481 tissima
405 1415 543 1480 doctrina
574 1416 778 1480 transmarina
813 1417 906 1496 atque
942 1414 1122 1494 adventicia,
1160 1434 1229 1480 cum
1253 1413 1310 1480 hac

264 1524 389 1588 demum
410 1523 558 1601 doctrina,
597 1541 673 1606 quae
709 1523 884 1586 marimea
919 1521 1115 1606 Scipionibus
1140 1523 1307 1600 colebatur,

264 1632 427 1714 paullatim
452 1651 488 1696 ea
512 1631 662 1696 sermonis
686 1631 789 1695 Latini
813 1629 912 1694 forma
935 1631 1003 1694 orta
1023 1630 1073 1708 sit,
1100 1649 1177 1712 quae
1201 1630 1310 1714 postea

263 1741 381 1804 urbana
402 1738 628 1804 nominabatur.
676 1739 744 1802 Hoc
780 1739 845 1803 sine
882 1737 974 1802 dubio
999 1736 1104 1802 Cicero
1141 1738 1172 1802 in
1208 1738 1308 1803 animo

264 1846 406 1925 habebat,
446 1866 517 1911 cum
541 1845 709 1911 Caecilium
745 1845 776 1910 et
811 1845 981 1909 Pacuvium
1019 1846 1100 1910 male
1138 1845 1234 1927 loqui,
1274 1843 1307 1909 C.

263 1955 405 2020 Laelium
428 1955 459 2020 et
481 1956 517 2021 P.
545 1953 718 2037 Scipionem
747 1954 863 2036 optime
896 1953 1021 2017 diceret.
1068 1954 1177 2035 Neque
1206 1953 1310 2018 tamen

263 2063 447 2128 credendum
484 2061 541 2139 est,
574 2060 730 2138 Catonem,
770 2061 822 2142 qui
848 2060 992 2138 Graecos,
1029 2060 1141 2144 quippe
1179 2079 1308 2142 quorum

262 2171 402 2235 moribus
426 2169 546 2234 levibus
572 2169 604 2234 et
632 2168 756 2234 lascivis
787 2169 910 2233 vetusta
933 2170 1143 2234 Romanorum
1172 2168 1309 2252 gravitas

263 2278 295 2343 et
309 2278 456 2344 severitas
473 2278 748 2360 corrumperentur,
773 2276 1043 2342 vehementissimo
1061 2296 1130 2341 cum
1149 2275 1218 2340 odio
1235 2295 1307 2359 per-

265 2386 390 2451 secutus
415 2386 462 2450 est
486 2385 517 2450 et
539 2384 621 2449 omni
643 2384 734 2449 modo
764 2384 872 2449 contre
901 2382 1078 2466 Scipionum
1103 2383 1309 2466 reliquorum-

264 2513 323 2577 que
348 2493 581 2559 Graecistarum
605 2491 708 2558 studia
732 2490 982 2557 consuetudinem
1006 2491 1162 2556 vetustam
1186 2510 1308 2556 seruare

262 2601 392 2679 studuit,
418 2601 496 2666 hano
513 2599 713 2666 recentiorem
731 2598 879 2664 sermonis
896 2599 1048 2664 rationem
1064 2598 1205 2664 secutum
1230 2599 1306 2664 esse.

261 2710 329 2774 Hoc
356 2727 390 2774 eo
405 2708 610 2785 confirmatur,
638 2707 720 2790 quod
732 2707 896 2790 permulta,
916 2725 994 2789 quae
1017 2706 1143 2792 linguae
1167 2706 1306 2790 vulgaris

261 2817 385 2899 propria
410 2817 490 2893 sunt,
516 2815 547 2880 et
571 2815 603 2879 in
624 2815 704 2879 libro
730 2814 767 2879 (le
786 2814 976 2899 agricultura
1000 2815 1032 2879 et
1055 2815 1088 2879 in
1110 2813 1304 2899 fragmentis,

260 2925 374 3007 partim
398 2924 490 2989 etiam
518 2923 640 3005 saepius
676 2925 707 2986 in
742 2921 926 3006 fragmentis
966 2941 1057 3004 quam
1092 2922 1124 2986 in
1160 2921 1239 2986 libro
1269 2921 1306 2986 de

260 3032 452 3116 agricultura
475 3030 682 3108 inveniuntur,
716 3031 752 3094 ut
781 3029 862 3095 infra
890 3030 1013 3113 saepius
1046 3029 1118 3094 data
1147 3029 1305 3094 occasione

260 3158 493 3222 cognoscemus.
541 3138 632 3203 Falso
657 3138 754 3222 igitur
776 3138 917 3203 Dietzius
932 3137 1070 3219 disputat
1092 3155 1141 3202 res
1158 3136 1305 3201 sermonis

261 3246 400 3330 vulgaris
423 3246 564 3329 proprias
589 3244 743 3309 abundare
767 3246 798 3308 in
822 3244 901 3309 libro
927 3243 964 3308 de
1001 3243 1198 3328 agricultura,
1235 3263 1305 3308 eum

259 3354 289 3417 in
314 3354 504 3436 reliquorum
527 3353 677 3418 librorum
702 3353 884 3437 fragmentis
909 3351 1040 3416 reiectae
1065 3351 1128 3416 sint
1143 3352 1303 3433 tamquam

257 3461 288 3523 in
309 3462 410 3526 certos
434 3461 509 3526 fines
535 3461 566 3526 et
589 3461 704 3525 artiore
726 3461 858 3525 vincula.

349 3568 435 3647 Quae
461 3588 530 3634 cum
552 3568 597 3632 ita
621 3567 691 3645 sint,
725 3568 751 3631 si
782 3567 861 3632 inter
891 3566 1003 3631 librum
1044 3565 1079 3630 de
1116 3566 1304 3649 agricultura

262 3674 293 3739 et
316 3675 490 3759 fragmenta
515 3675 738 3758 discrepantias
761 3675 961 3752 inveniemus,
1003 3691 1081 3756 quae
1113 3691 1149 3738 er
1173 3673 1304 3738 diversis

257 3783 447 3866 argumentis
492 3782 637 3866 explicari
670 3801 728 3846 non
762 3783 900 3863 possunt,
938 3780 1102 3846 dicendum
1136 3782 1183 3846 est
1216 3782 1302 3847 illius

258 3890 331 3954 libri
355 3890 484 3955 formam
506 3891 610 3972 aliquo
634 3891 772 3971 ternpore
794 3889 947 3954 mutatam
974 3908 1051 3954 esse.
1100 3888 1189 3968 Quod
1221 3889 1300 3954 enim

256 3995 361 4061 Cicero
397 3996 522 4060 Catonis
554 3997 764 4077 eloquentiam
812 3996 941 4060 summis
987 3995 1131 4060 laudibus
1169 3995 1302 4061 tollebat

256 4122 385 4185 eamque
410 4123 480 4168 cunr
514 4104 669 4168 oratorum
702 4103 878 4168 Atticorum
916 4102 1092 4184 eloquentia
1123 4101 1301 4168 conferebat
