3018 4716
567 452 785 517 „ppd

163 644 217 723 eis,
255 644 307 725 qui
345 630 517 727 fragmenta
558 643 722 719 continent
760 643 858 708 exitus
894 642 1020 707 ablativi
1058 641 1202 725 partimi

161 751 278 834 partim
302 771 317 816 e
340 752 388 815 est
408 751 442 814 ut
463 751 603 815 omnibus
625 751 845 832 posterioribus
868 749 1067 832 temporibus.

252 858 290 922 ln
326 858 438 940 quibus
475 858 632 922 vocabulis
670 858 775 923 contra
813 845 959 922 usitatam
1004 858 1155 923 rationem
1192 859 1203 920 i

162 967 299 1048 positum
327 965 368 1030 sit
393 985 410 1030 a
432 964 555 1056 Catone,
582 965 616 1028 iu
641 965 752 1047 quibus
776 984 801 1043 e,
832 965 911 1028 infra
932 964 1098 1030 videndum
1135 965 1201 1029 erit.

161 1075 292 1138 Praeter
314 1073 326 1137 i
352 1073 470 1137 stein
494 1073 628 1137 ablativo
662 1073 825 1154 singularis
850 1071 983 1137 usitatus
1014 1071 1074 1136 fnit
1104 1072 1203 1136 exitus

162 1182 200 1259 ei,
231 1179 356 1247 sedhic
378 1199 396 1244 a
420 1177 535 1244 Catone
567 1180 631 1244 siue
667 1179 731 1244 ulla
769 1170 959 1244 dubitatione
992 1179 1109 1244 alienus
1146 1164 1221 1243 ests

162 1289 271 1370 Neque
297 1289 376 1352 enim
400 1287 553 1352 invenitur
566 1287 625 1351 nisi
649 1288 681 1351 in
706 1307 758 1352 sex
769 1287 999 1369 inscriptionum
1012 1287 1203 1352 vetustarum

162 1397 248 1473 locis,
287 1414 361 1476 quas
398 1395 525 1478 collegit
547 1395 713 1460 Huebener
741 1394 774 1460 C.
800 1395 830 1460 J.
854 1395 889 1459 L.
914 1395 938 1458 1.
975 1394 1036 1460 ind.
1071 1415 1100 1478 p.
1128 1395 1201 1472 603,

162 1505 219 1568 col.
247 1505 277 1580 4,
317 1502 396 1567 unde
432 1521 500 1568 eum
525 1503 646 1567 omnino
669 1521 737 1567 raro
772 1502 944 1566 adhibitum
973 1522 1039 1567 esse
1061 1501 1201 1579 efficitur,

163 1630 224 1693 quo
246 1609 373 1688 aceedit,
400 1609 481 1692 quod
504 1610 582 1674 haec
605 1610 745 1694 exempla
768 1610 869 1674 omnia
892 1629 926 1674 ex
954 1592 1203 1692 inscriptionibus

161 1719 235 1800 post
250 1700 457 1782 Gracchorum
482 1715 604 1781 demum
621 1718 760 1800 tempora
779 1713 876 1798 lapidi
893 1716 1055 1798 insculptis
1073 1717 1204 1802 afferune
1259 1707 1262 1712 ’

161 1829 222 1890 tur.
246 1824 283 1888 of.
309 1823 441 1889 Corssen
463 1825 487 1902 Ι,
512 1845 541 1906 p.
566 1826 629 1890 753
653 1843 737 1907 sequ.
833 1867 835 1872 -

254 1930 316 1996 Sed
340 1932 402 1996 alia
425 1931 523 1996 oritur
544 1933 682 2013 quaestio
699 1931 890 1996 difficillima.
938 1929 1060 1994 lltenim
1076 1931 1107 1995 in
1124 1930 1203 1995 libro

163 2039 201 2103 de
226 2039 416 2123 agricultura
443 2041 550 2115 maa
589 2040 719 2124 legitur:
757 2057 813 2116 „oo
848 2038 946 2102 indito
984 2038 1057 2102 salis
1092 2039 1203 2102 micam

164 2147 254 2228 quasi
276 2165 381 2211 ervum
407 2146 438 2210 et
462 2146 577 2210 cumini
593 2146 674 2211 fricti
698 2146 820 2210 tantum
840 2144 921 2227 quod
945 2145 1058 2209 oleat.⁴‘
1092 2145 1203 2226 quibus
1297 2175 1300 2182 ·

165 2253 324 2324 inberbis
347 2253 452 2335 quod
475 2253 645 2317 ablativum
667 2271 733 2318 osse
765 2252 876 2337 Bergk.
913 2252 1042 2337 symbol.
1077 2252 1145 2316 orit.
1168 2251 1205 2316 ad

162 2379 292 2444 gramm.
319 2360 386 2424 Lat.
412 2381 441 2442 p.
470 2362 511 2424 58
546 2359 692 2442 disputat,
730 2361 802 2442 quia
835 2378 941 2424 sensus
976 2359 1025 2437 sit,
1064 2360 1099 2423 ui
1133 2359 1203 2425 inde

163 2468 254 2532 oleat.
311 2468 408 2534 Putat
422 2466 518 2552 igitur
536 2465 696 2552 Berglrius,
723 2468 878 2533 servatum
896 2486 962 2540 esse
985 2467 1019 2531 in
1033 2467 1090 2531 hac
1106 2465 1204 2530 forma

162 2575 321 2640 vetustum
349 2574 428 2639 illud
457 2574 485 2652 (1,
523 2595 583 2657 quo
617 2576 692 2640 olim
725 2575 893 2640 ablativum
931 2573 1106 2640 conclusum
1137 2593 1203 2638 esse

165 2682 296 2747 constat.
344 2683 381 2745 ln
404 2681 771 2769 unive1·sumoonferendi
795 2683 866 2746 sunt
887 2681 924 2746 de
949 2681 1083 2746 ablativo
1097 2680 1204 2764 Reisig

162 2790 183 2853 l.
204 2809 235 2853 o.
261 2810 290 2872 p.
317 2791 358 2853 89
393 2808 477 2871 sequ.
516 2809 585 2862 oum
616 2789 696 2854 notis
732 2789 848 2866 Haasii
888 2786 1053 2852 Schneider
1082 2787 1103 2851 l.
1127 2805 1151 2851 c.
1178 2789 1202 2863 Ι,

163 2917 193 2978 p.
220 2898 283 2961 227
310 2915 394 2977 sequ.
432 2895 601 2960 Buecheler
623 2896 761 2960 adumbr.
779 2896 854 2960 decl.
880 2896 934 2960 lat.
954 2898 977 2973 2,
1000 2915 1030 2978 p.
1050 2895 1092 2959 90
1117 2913 1200 2975 sequ.

163 3003 295 3068 Ritschl.
320 3022 423 3084 opusc.
448 3004 488 3080 ΙΙ,
514 3003 588 3068 565.
636 3004 689 3080 IV,
717 3003 790 3080 762,
817 3002 891 3080 205,
917 3003 991 3067 234.
1018 3003 1060 3066 Μ.
1078 3001 1201 3066 Miller.
1289 3059 1291 3062 .

164 3110 295 3176 Jahrbb.
320 3109 341 3174 f.
367 3110 447 3174 Phil.
475 3111 570 3175 1876.
598 3112 671 3187 689,
698 3113 749 3175 99.

255 3218 301 3282 Ex
324 3218 459 3282 Varrone
481 3218 502 3281 l.
521 3218 544 3280 1.
560 3217 598 3295 Χ,
625 3219 665 3282 62
691 3216 824 3281 efficitur
839 3217 993 3281 Romanos
1015 3216 1079 3280 eius
1103 3215 1204 3281 aetate

166 3326 186 3389 i.
212 3344 228 3388 e
251 3325 373 3389 saeculo
396 3325 527 3407 septimo
551 3325 660 3407 prioris
682 3325 780 3389 exitus
802 3324 821 3387 d
841 3324 931 3405 plane
959 3323 1071 3387 oblitos
1099 3322 1202 3388 fuisse.
1330 3373 1335 3383 .

168 3434 204 3497 ln
227 3433 479 3514 inscriptionibus
502 3452 573 3497 vero
609 3432 829 3497 vetustissimis
865 3431 969 3512 eisque
1005 3449 1082 3513 quae
1118 3431 1205 3495 initio

168 3539 283 3604 saeculi
315 3539 393 3604 sexti
426 3539 608 3604 tribuendae
637 3539 717 3616 sunt,
754 3539 932 3621 saepissime
968 3537 1095 3602 ablativi
1128 3537 1205 3600 ind

166 3646 371 3724 inveniuntur,
411 3647 456 3711 ita
494 3648 597 3710 tamen
639 3648 674 3710 ut
721 3645 911 3710 diversorum
951 3645 1125 3726 temporum
1158 3644 1204 3706 in-

167 3754 350 3836 scriptiones
373 3753 453 3818 inter·
477 3773 508 3818 se
526 3753 707 3836 discrepent.
755 3753 875 3817 Pariter
898 3771 947 3816 rea
972 3771 1004 3816 sc
1025 3751 1120 3815 habet
1135 3770 1205 3815 oum

165 3860 386 3926 vetustissimis
402 3861 541 3942 reliquiis
557 3861 731 3924 litterarum
744 3860 960 3924 Romanarum.
992 3859 1041 3922 Ita
1053 3857 1205 3942 Bergkius

166 3988 196 4050 p.
221 3971 261 4032 87
304 3987 340 4032 ex
378 3968 563 4033 carminibus
603 3966 772 4031 Saliaribus
808 3986 854 4048 ap.
892 3968 974 4030 resa.
1001 3968 1064 4030 215
1096 3965 1129 4030 Μ
1166 3964 1204 4028 cf.

168 4075 262 4138 etiam
287 4074 372 4140 Jord.
399 4075 496 4159 symb.
522 4073 588 4138 orit.
614 4093 643 4154 p.
670 4074 733 4137 211
769 4091 853 4154 sequ.
880 4073 963 4149 citat,
1003 4091 1091 4154 prae
1125 4072 1203 4148 tet,

1088 4191 1104 4244 2
