2972 4710
563 429 807 492 -139-

175 614 301 682 Catonis
326 615 420 684 rerba
440 615 618 698 praebeant,
654 575 732 698 tuae
762 616 916 698 incapite
942 618 1004 682 133
1038 619 1152 682 novata
1187 617 1219 681 et

173 723 297 787 mutata
339 722 419 787 sunt.
490 721 704 786 Recentiorem
749 741 873 786 manum
920 721 1037 787 indicat
1079 723 1219 788 futurum

175 829 316 894 exactum
339 829 408 893 loeo
431 820 528 893 futuri
552 830 735 907 ,nascentur‘
758 829 904 910 positum,
922 829 1003 909 qnod
1026 830 1057 894 in
1072 827 1219 894 'relativis

176 935 344 1001 enuntiatis
382 935 528 1016 sequente
563 936 746 1020 imperativo
789 955 909 1020 semper
945 936 1008 1003 iere
1042 937 1218 1020 usurpatur.

176 1043 215 1108 cf.
242 1041 492 1108 Schoendoerffer
512 1062 583 1126 pag.
610 1046 662 1122 82,
699 1043 777 1109 item
797 1046 890 1108 verba
925 1063 1043 1128 ,capere
1077 1045 1217 1127 possins,

175 1169 255 1232 qnae
279 1149 456 1214 accuratius
480 1149 665 1228 dictasunt,
692 1169 785 1231 quam
807 1150 936 1234 simplex
959 1152 1112 1233 capiant,
1143 1152 1219 1216 item

174 1251 274 1320 forma
297 1256 443 1340 cypriam,
468 1275 539 1320 cum
560 1257 590 1320 in
615 1255 663 1320 his
687 1257 845 1322 uetustum
867 1256 1047 1339 plerumque
1063 1259 1219 1323 servatum

175 1381 244 1427 esse
283 1382 376 1445 supra
414 1363 591 1428 viderimus.
651 1362 751 1441 Adde,
793 1362 875 1444 quod
911 1364 1066 1446 praesenti
1097 1366 1220 1446 oportet

176 1470 318 1534 futurum
341 1470 506 1552 oportebit,
531 1469 613 1552 quod
637 1470 785 1534 vocabulo
808 1471 983 1555 propagari,
1007 1471 1089 1551 quod
1111 1473 1220 1554 postea

174 1595 297 1659 semper
319 1575 382 1641 fere
417 1596 509 1641 sensu
543 1577 694 1642 translato
728 1580 903 1659 usurpatur,
939 1579 1122 1643 vocabulum
1158 1579 1220 1644 seri

174 1683 383 1749 substitutum
407 1684 463 1748 est.
512 1683 624 1748 Omnia
651 1683 729 1748 haec
765 1684 962 1768 grammatici
984 1703 1109 1750 manum
1138 1685 1219 1749 indi-

174 1790 259 1855 cant.
307 1791 407 1869 Quam
431 1790 534 1872 inepte
570 1809 687 1872 prunus
722 1791 837 1856 inserta
862 1791 910 1856 est
934 1791 1014 1856 inter
1041 1792 1163 1856 laurum
1188 1796 1221 1858 et

178 1897 328 1976 murtum,
351 1916 421 1961 curn
444 1897 548 1978 potius
571 1897 752 1978 expectetur
774 1901 847 1980 post
868 1897 961 1962 rerba
984 1899 1117 1980 ,aliaque
1139 1899 1222 1964 mala

178 2005 302 2082 omnia‘,
338 2023 431 2085 quam
463 2007 605 2068 accurate
639 2004 761 2086 singula
795 2023 908 2089 genera
947 2006 1027 2069 lauri
1063 2006 1094 2069 et
1126 2006 1219 2069 murt'

175 2111 335 2176 nominata
359 2111 440 2176 sunt.
489 2109 602 2174 Omnia
623 2110 699 2175 haec
714 2111 914 2176 recentiorem
930 2131 1057 2177 manum
1072 2112 1219 2190 indicant,

173 2237 270 2299 quare
293 2236 353 2282 non
376 2217 495 2296 dubito,
521 2217 594 2297 quin
618 2219 650 2282 et
664 2218 747 2282 mala
763 2220 883 2284 strutea
899 2220 930 2283 et
945 2238 1038 2284 nuces
1062 2219 1219 2283 abellanae

172 2324 405 2406 interpolatoris
427 2324 499 2390 sint.

266 2430 528 2495 Reitzensteinius
556 2451 627 2514 pag.
661 2435 703 2495 62
729 2432 805 2496 haee
836 2432 940 2514 ponit:
982 2432 1119 2497 eiusdem
1147 2431 1220 2496 libri

177 2537 333 2620 capitibus
355 2537 395 2601 51
423 2537 455 2601 et
479 2540 520 2602 52
551 2538 674 2603 collatis
698 2557 768 2602 cum
791 2539 891 2620 capite
918 2540 980 2604 133
1016 2540 1144 2621 apparet
1165 2559 1220 2605 nos

174 2644 290 2708 habere
312 2643 419 2708 eadem
440 2644 606 2727 praecepta
640 2645 671 2709 et
706 2643 830 2710 Catonis
863 2645 965 2710 verbis
1001 2645 1032 2708 et
1066 2645 1219 2711 limatiore

174 2769 317 2816 sermone
339 2769 494 2833 expressa,
519 2751 761 2815 contaminatum
785 2751 890 2816 autem
914 2771 980 2816 esse
1004 2752 1085 2815 hune
1105 2752 1220 2816 librum
1318 2816 1320 2822 .

173 2859 258 2923 inter
279 2857 374 2922 Plinii
396 2857 522 2938 eiusque
546 2858 605 2922 viri
628 2858 771 2936 aetatem,
797 2857 916 2940 dequo
947 2859 1073 2941 repetiit
1095 2858 1218 2924 Plinius

175 2967 281 3031 locum
304 2966 371 3044 XV,
389 2969 441 3029 44.
490 2963 595 3046 Atque
620 2985 652 3030 re
665 2984 737 3030 vera
757 2965 898 3044 eflicitur,
912 2985 1004 3044 eum,
1030 2965 1067 3030 de
1094 2983 1153 3047 quo
1170 2986 1220 3030 re-

174 3073 272 3158 petiit
290 3073 411 3138 Plinius
430 3073 499 3151 XV,
525 3078 578 3150 44,
615 3092 683 3140 eam
706 3073 779 3137 libri
810 3073 847 3137 de
878 3073 1067 3155 agricultura
1090 3073 1220 3138 formam

175 3181 333 3259 habuisse,
380 3181 411 3245 in
449 3199 510 3262 qua
546 3180 766 3265 orthographia
813 3182 843 3245 et
881 3180 1036 3245 interdum
1074 3181 1221 3248 flexiones

174 3290 306 3353 novatae
327 3288 422 3367 erant,
461 3290 677 3373 argumentum
711 3307 782 3353 vero
812 3289 843 3352 et
863 3288 1012 3352 sermonis
1048 3288 1127 3353 ratio
1161 3307 1221 3352 non

175 3397 298 3462 mutata
334 3397 429 3461 erant.
478 3395 567 3462 Hanc
601 3395 732 3461 formam
769 3415 837 3461 eam
875 3395 970 3460 fuisse
1007 3414 1131 3460 necesse
1163 3398 1219 3474 est,

177 3525 271 3589 quam
295 3505 411 3569 librum
436 3503 473 3568 de
498 3504 689 3587 agricultura
708 3505 744 3570 ut
768 3523 872 3569 omnes
905 3502 1030 3568 Catonis
1064 3502 1161 3567 libros
1184 3523 1220 3568 eo

176 3615 241 3680 fere
264 3614 413 3694 tempore,
452 3630 511 3693 quo
532 3609 673 3676 Christus
697 3612 787 3676 natus
812 3610 868 3689 est,
903 3609 1039 3674 induisse
1061 3610 1220 3675 ostendere
1281 3649 1283 3653 -

177 3720 280 3788 conati
296 3739 411 3784 sumus.
436 3719 601 3785 Praeterea
617 3737 688 3782 vero
711 3718 816 3800 paullo
832 3719 912 3800 post,
937 3722 1020 3782 certe
1037 3718 1108 3781 ante
1124 3717 1220 3781 Plinii

179 3829 326 3906 aetatem,
363 3826 444 3892 liber
464 3827 501 3891 de
526 3826 714 3908 agricultura
734 3826 779 3890 ita
800 3825 986 3890 retractatus
1010 3824 1066 3901 est,
1103 3824 1222 3890 utnon

179 3937 280 4001 solum
301 3936 370 4001 tota
391 3934 494 4016 capita
518 3953 597 4000 nova
626 3934 835 3999 insererentur
871 3931 922 4016 (cf.
963 3950 1039 4013 quae
1068 3950 1160 4013 supra
1184 3931 1221 3995 de

180 4044 317 4110 Varrone
343 4041 502 4128 diximus),
527 4042 582 4106 sed
596 4041 689 4106 etiam
712 4041 928 4125 argumentum
949 4038 1166 4104 additamentis
1191 4041 1223 4104 et
