2972 4710
645 445 864 506 „87-

232 653 319 715 sequ.
365 632 402 697 cf.
434 632 542 716 Reisig
572 633 591 715 §
616 634 689 710 136,
705 635 733 696 6.
782 631 885 696 Haase
915 631 978 697 not.
1011 634 1086 697 265.
1138 633 1276 714 Draeger

233 743 252 825 ξ
286 744 337 805 74.
388 738 593 821 Aliquatenus
628 738 728 804 simile
763 739 819 815 est,
864 737 946 820 quod
982 738 1161 820 saepissime
1195 738 1275 821 apud

233 847 384 912 Catonem
429 850 614 928 usurpantur
662 846 756 910 verba
800 845 1028 927 frequentativa
1074 844 1160 910 velut
1200 846 1276 910 1511-

236 955 342 1019 151515
359 953 417 1038 frg.
436 955 488 1031 87,
509 955 559 1020 19.
586 953 707 1018 1551515
730 972 780 1016 r..
801 953 852 1031 10,
868 955 896 1016 1.
922 952 1069 1017 vectitare
1094 952 1151 1036 lrg.
1176 955 1274 1030 551.

235 1061 342 1126 datare
365 1060 422 1142 frg.
450 1063 501 1138 37,
525 1061 574 1125 14.
608 1059 809 1124 subrectitare
840 1059 898 1144 frg.
926 1063 978 1138 64,
994 1065 1023 1124 7.
1057 1059 1167 1124 flexere
1200 1079 1225 1123 r.
1249 1080 1273 1124 1.

234 1172 289 1247 49,
306 1171 334 1232 2.
367 1165 511 1233 heredem
541 1167 652 1233 sectari
686 1166 745 1251 frg.
781 1169 868 1244 54,8
903 1185 958 1250 pro
994 1167 1110 1231 usitata
1145 1167 1277 1231 formnla

234 1275 379 1340 heredem
416 1274 504 1357 sequi
539 1273 576 1339 cl.
608 1275 717 1340 Dictae
740 1295 769 1357 p.
804 1279 854 1353 14,
893 1275 1005 1356 quibus
1041 1273 1112 1339 addi
1148 1275 1277 1355 possunt

236 1384 410 1451 obsonitare
434 1383 492 1467 frg.
519 1386 638 1460 52,14.
673 1401 817 1464 quassare
841 1404 865 1447 r.
889 1403 913 1448 r.
940 1384 992 1460 23,
1008 1385 1037 1446 3.
1075 1381 1276 1461 conquassato

235 1514 260 1557 r.
274 1513 299 1555 1.
323 1494 375 1568 52,
390 1493 419 1555 2.
446 1491 487 1555 88
513 1490 550 1554 51.
576 1489 745 1555 Woelfflin.
769 1489 881 1554 Philol.
897 1489 1030 1555 XXXIV
1052 1510 1081 1572 p.
1103 1490 1163 1553 157
1190 1507 1275 1570 sequ.

235 1599 378 1683 Rebliug.
413 1598 433 1662 l.
465 1616 490 1662 c.
510 1618 541 1680 p.
568 1600 618 1662 16.
667 1596 743 1661 Cum
777 1597 835 1662 hoc
870 1615 927 1661 usu
962 1591 1132 1678 comparari
1163 1597 1275 1679 potest,

237 1707 321 1791 quod
346 1705 535 1788 saepissime,
561 1706 596 1769 ut
620 1724 712 1788 supra
736 1705 879 1782 vidimus,
905 1703 987 1787 apud
1011 1702 1159 1768 Catonem
1193 1704 1278 1769 51151

237 1814 452 1899 superlativus
469 1813 611 1894 quoniam
624 1813 731 1897 lingua
743 1813 881 1894 vulgaris
888 1812 1002 1877 formas
1016 1811 1121 1894 plenas
1137 1812 1168 1876 51
1182 1811 1277 1877 151155

237 1922 329 1987 valde
346 1922 438 1986 amat.
457 1920 574 2003 (Jahnii
590 1939 657 1985 ann.
679 1921 773 1985 1875.
800 1918 889 2003 788.)
912 1918 1029 1984 Eodem
1045 1919 1179 2001 pertinet
1196 1917 1277 2000 quod

238 2029 315 2094 (lato
346 2029 467 2112 saepius
500 2027 696 2093 deminutivis
732 2028 830 2091 utitur
864 2026 950 2092 velut
983 2027 1185 2109 portisculum
1217 2027 1276 2111 frg.

239 2141 292 2216 66,
306 2141 336 2201 5,
371 2135 612 2218 punctatoriolas
642 2134 704 2220 bg.
738 2137 790 2214 53,
812 2137 862 2199 15.
898 2134 1052 2199 orbiculus
1086 2155 1109 2198 1.
1144 2155 1168 2199 1.
1201 2136 1231 2214 3,
1246 2138 1275 2201 6.

237 2244 384 2310 resticula
414 2264 439 2308 r.
462 2264 487 2308 r.
522 2243 594 2307 110.
631 2242 840 2307 fossulam.
869 2244 977 2320 161,4
1012 2243 1069 2308 551.
1105 2244 1142 2308 cf.
1169 2242 1278 2310 Dietze

106 2375 107 2378 ¹
236 2375 268 2436 p.
296 2354 346 2417 14.
384 2349 550 2415 Woelfflin.
580 2351 601 2414 l.
625 2370 651 2416 c.
688 2371 720 2433 p.
746 2352 821 2428 153,
861 2348 942 2432 quod
970 2350 1077 2416 multis
1112 2351 1189 2417 locis
1222 2352 1277 2417 ad-

235 2461 377 2526 verbium
401 2459 477 2524 bene
502 2457 609 2523 eodem
633 2457 695 2522 1515
726 2477 825 2536 sensu,
861 2477 921 2538 quo
958 2458 1139 2524 adverbium
1173 2461 1276 2539 valde,

236 2571 416 2650 usurpatur,
454 2565 536 2648 quod
567 2565 721 2631 interdum
749 2567 919 2648 composita
953 2566 1021 2632 loco
1059 2567 1277 2632 vocabulorum

240 2675 428 2758 simplicium
451 2674 546 2757 ponit.

326 2783 379 2847 llis
403 2801 484 2859 vero,
524 2799 600 2862 quae
634 2780 732 2844 adhuc
762 2779 798 2844 de
833 2780 1012 2846 flexionibus
1038 2782 1274 2864 disputavimus,

237 2913 274 2958 ea
298 2890 457 2968 sententia,
492 2908 583 2971 quam
613 2907 705 2970 supra
741 2888 915 2966 statuimus,
946 2889 1036 2971 plane
1065 2889 1272 2955 confirmatur.

236 3001 346 3081 Neque
372 3000 452 3063 enim
476 2996 622 3062 Catonern
642 2998 673 3062 in
698 2997 777 3061 libro
802 2996 839 3060 de
856 3016 919 3081 agr.
946 2998 1006 3062 alie
1031 3017 1169 3064 sermone
1184 3019 1276 3065 usum

238 3127 305 3173 esee
330 3126 423 3189 quam
446 3107 479 3170 in
508 3106 636 3187 reliquis
666 3105 755 3169 libris
784 3104 848 3169 ullo
883 3105 974 3170 modo
1011 3106 1130 3171 ostendi
1164 3109 1277 3190 potest,

236 3235 307 3282 cum
332 3215 363 3280 51
385 3215 417 3278 in
441 3214 520 3298 lrgg,
545 3214 576 3278 51
598 3213 628 3277 15
651 3213 731 3277 libro
756 3212 792 3278 do
818 3232 883 3297 agr.
903 3215 1088 3296 usurpentur
1103 3216 1275 3298 permultae

235 3325 359 3405 linguae
383 3322 521 3408 vulgaris
538 3321 751 3404 proprietates
776 3340 937 3401 quaecum
954 3340 1053 3386 sermo
1070 3322 1277 3387 Romanorum

236 3433 337 3517 magis
360 3431 521 3516 magisque
543 3430 671 3513 politior
692 3429 723 3493 in
749 3429 814 3493 dies
837 3428 919 3493 fierit
939 3430 970 3494 51
993 3449 1025 3494 15
1047 3449 1119 3495 1515
1149 3431 1183 3495 15
1212 3449 1276 3494 551-

236 3559 363 3606 monem
386 3540 536 3603 urbanum
560 3538 713 3615 transiret,
740 3537 902 3620 paullatim
926 3538 1016 3620 plane
1034 3538 1279 3604 obliterabantur

238 3649 270 3714 et
294 3649 331 3712 ab
352 3646 527 3712 hominibus
549 3645 668 3728 plebeis
691 3645 816 3709 tantum
840 3645 1049 3725 servabantur,
1079 3645 1173 3710 donec
1195 3647 1279 3729 apud

240 3757 406 3838 scriptores
437 3754 623 3837 posteriores
648 3753 746 3818 denuo
778 3753 1012 3817 adhibebantur.
1062 3753 1163 3832 Quare
1195 3755 1278 3835 quod

240 3860 832 3930 81515155555151051555151511515
868 3860 905 3926 do
934 3880 998 3946 agr.
1035 3879 1172 3925 sermone
1208 3864 1277 3927 vul·

237 3973 314 4058 gari,
349 3973 380 4036 in
411 3971 539 4053 reliquis
564 3971 654 4035 libris
679 3988 816 4034 sermone
856 3970 971 4033 urbano
1006 3989 1096 4034 usum
1123 3989 1198 4048 esse,
1238 3990 1277 4036 ne

237 4081 419 4146 flexionibus
443 4078 566 4159 quidem
588 4077 792 4143 consideratis
815 4077 975 4160 probatur.
1022 4078 1190 4142 Praeterea
1205 4098 1277 4148 vero
