3018 4716
591 862 689 925 Pars
713 861 752 926 ΙΙ.

375 1143 378 1151 ,
478 1053 539 1134 ne
566 1015 863 1134 nrexnnnus.

242 1270 329 1350 Quae
361 1268 400 1334 ad
424 1268 483 1333 hoo
517 1271 611 1350 caput
643 1268 805 1350 pertinent,
841 1287 876 1334 ea
902 1269 1049 1335 -Dietnius
1087 1270 1187 1334 multo

147 1378 328 1444 accuratius
352 1377 505 1454 tractavit,
532 1395 625 1457 quare
648 1376 756 1440 multis
778 1377 808 1440 in
831 1377 923 1442 rebus
947 1395 1017 1441 eum
1037 1378 1187 1459 respicere

146 1503 314 1570 possumus
338 1503 435 1565 neque
457 1502 535 1567 opus
557 1486 604 1548 est
626 1503 733 1548 omnes
753 1485 967 1567 proprietates,
993 1503 1069 1566 quas
1091 1486 1187 1563 affert,

145 1595 263 1658 iterum
287 1611 473 1660 enumerare.

240 1701 275 1765 In
311 1700 428 1783 primae
462 1698 675 1764 declinationis
709 1699 852 1780 genetivo
886 1699 1004 1764 exitum
1038 1699 1188 1764 usitatum

151 1845 197 1855 -
219 1824 261 1874 ao
284 1806 426 1872 omuibus
449 1806 526 1871 locis
549 1805 692 1887 usurpari
725 1806 789 1870 iam
810 1823 902 1888 supra
935 1806 1077 1871 vidimus.
1123 1806 1187 1899 Ac-

145 1915 239 1980 cedit
261 1915 364 1979 exitus
388 1951 429 1962 —
443 1931 495 1998 as,
520 1915 572 1993 qui
592 1931 819 1993 nonnumquam
853 1914 1008 1978 invenitur
1042 1914 1073 1978 in
1101 1915 1187 1998 geni·

144 2024 216 2088 tivo
241 2022 384 2087 vocabuli
404 2019 531 2085 familia.
579 2022 614 2084 In
637 2021 716 2085 libro
741 2021 777 2086 de
801 2040 866 2105 agr.
904 2025 1014 2085 extant
1044 2021 1101 2086 hae
1124 2022 1186 2086 for-

143 2148 235 2196 mae:
270 2132 360 2211 pater
390 2127 525 2192 familias
546 2131 621 2205 2,1.-
656 2127 933 2209 patremfamilias
957 2131 1032 2205 2,7.
1067 2132 1186 2209 patrem

142 2236 282 2302 familiae
307 2239 336 2314 3,
354 2240 384 2314 2,
422 2234 550 2315 denique
583 2235 713 2300 fortasse
737 2237 768 2299 in
792 2234 849 2316 hg.
873 2236 1020 2301 orationis
1056 2236 1185 2320 delego

147 2344 266 2410 Orchia
299 2364 346 2427 ap.
383 2345 466 2408 Fest.
502 2362 531 2425 p.
557 2345 631 2408 242.
657 2343 700 2406 Μ.
725 2345 822 2420 53,1.
847 2342 876 2407 J.
916 2343 1014 2425 patris
1041 2323 1184 2422 familiae}

147 2469 337 2534 quamquam
371 2452 481 2516 Festus
503 2448 629 2514 eatnns
661 2450 755 2514 verba
788 2467 847 2514 non
876 2450 1066 2534 adverbum
1099 2451 1184 2516 citat.

147 2561 260 2641 Neque
283 2551 387 2624 tannen
410 2557 595 2641 persuadere
626 2557 702 2622 mihi
730 2576 865 2639 possum,
899 2556 1047 2624 Catonem
1074 2559 1108 2623 in
1128 2558 1186 2623 hac

146 2687 183 2733 rc
220 2667 281 2731 sibi
320 2666 510 2732 constantem
548 2683 608 2729 non
654 2665 759 2743 fuisse,
807 2665 861 2730 sed
903 2666 1024 2732 videtur
1067 2685 1187 2749 semper

147 2775 310 2856 scripsisse
326 2777 434 2856 pater
450 2772 623 2837 familias
639 2773 755 2855 pariter
771 2791 809 2837 ac
824 2773 957 2838 Plautus
974 2775 1005 2838 et
1023 2774 1186 2838 Terentius

148 2901 273 2964 semper
296 2880 441 2946 dixerunt
462 2881 562 2944 meter
581 2879 715 2944 familias
738 2880 777 2944 cl.
802 2881 889 2946 Neue
911 2881 935 2958 Ι,
962 2884 991 2946 6.
1008 2881 1186 2965 -genitivum

148 2988 329 3054 familias
342 2985 772 3063 confirmattabulaBantina
787 3005 857 3051 curn
868 2987 1002 3052 familiae
1020 2987 1187 3052 exhibeant

150 3096 213 3160 duo
248 3094 335 3160 tituli
370 3094 469 3158 multo
503 3093 696 3158 recentiores.
744 3092 776 3157 C.
809 3094 1182 3176 attinentem

149 3203 208 3267 col.
236 3203 263 3266 1.
289 3201 411 3266 dativus
434 3200 557 3265 filiabus
578 3201 672 3266 semel
696 3203 783 3264 extat
805 3201 862 3282 frg.
886 3203 937 3278 28,
954 3203 1005 3266 10.
1030 3200 1058 3265 J.

240 3311 275 3374 In
314 3307 448 3374 secunda
485 3307 687 3372 declinatione
734 3307 940 3388 genitivorum
978 3309 1107 3390 pluralis
1154 3309 1188 3372 in

150 3435 259 3484 -um
296 3415 474 3480 exeuntium
508 3415 540 3479 hi
579 3417 707 3480 extent:
744 3414 829 3479 dium
858 3414 915 3498 frg.
942 3417 1060 3493 47,16.
1097 3415 1187 3480 deum

151 3525 209 3609 ing.
238 3526 357 3601 7312.
393 3523 607 3588 triumvirum·
626 3522 684 3608 frg.
710 3525 762 3599 58,
778 3525 806 3586 8.
846 3525 931 3600 69,5
958 3523 1092 3588 deorum.
1128 3523 1187 3608 hg.

152 3636 204 3708 77,
231 3634 251 3696 9
275 3649 324 3712 ap.
345 3630 425 3694 Plin.
451 3649 479 3694 n.
504 3631 533 3694 h.
558 3629 670 3707 XXIX,
698 3634 727 3708 7,
754 3631 794 3695 14
818 3649 912 3710 sequ,
943 3631 996 3695 ubi
1020 3630 1092 3695 libri
1114 3649 1186 3694 mss.

151 3739 256 3821 opicos
280 3737 427 3802 exhibent
448 3737 615 3820 (hoppocos
637 3738 726 3801 Voss.
743 3738 812 3801 Par.
837 3737 1007 3819 hoppificos
1026 3755 1064 3801 ex
1079 3737 1188 3819 hoppi-

151 3865 213 3923 cos,
239 3864 316 3910 corr.
342 3845 442 3928 Rioc.)
473 3843 508 3908 0.
533 3844 664 3909 Jahnius
700 3845 759 3908 oct.
782 3862 843 3909 soc.
868 3844 1028 3910 literarum
1052 3843 1122 3908 Sex.
1147 3843 1187 3920 ΙΙ,

152 3957 216 4020 266
241 3952 411 4038 genitivum
433 3951 586 4018 Graecum
609 3950 726 4033 Opicon
750 3953 831 4016 recte
856 3952 1003 4016 restituit.
1051 3952 1088 4014 ln
1111 3951 1189 4013 libro
1219 3962 1221 3966 ·

153 4061 189 4126 de
212 4080 276 4146 agr.
302 4059 444 4124 similiter
478 4059 606 4143 fingitur
640 4059 795 4142 genitivus
820 4058 955 4122 culleum
983 4059 1077 4135 11,1.
1113 4077 1136 4120 r.
1162 4077 1187 4121 r.

1070 4179 1086 4232 5
