2972 4710
558 450 801 524 -91-q

135 659 273 723 operam
294 639 466 718 collocavit,
489 640 525 704 ut
549 658 640 721 quam
671 639 902 724 elegantissima
918 641 949 705 et
967 639 1189 706 iucundissima

134 747 236 812 fieret
253 766 328 812 3333
339 766 452 825 eorum,
468 766 543 829 quoa
556 748 716 829 pertotam
730 748 824 812 vitam
837 747 1038 830 impugnavit,
1048 747 1190 830 operibus

132 854 272 918 inferior
299 854 389 920 33331.
436 854 545 936 Neque
578 855 690 918 mirum
730 855 787 932 331,
828 854 910 935 quod
945 854 977 918 in
1011 855 1055 919 eis
1088 854 1186 933 libris,

136 963 262 1044 quibus
286 963 392 1044 populi
414 961 546 1026 Romani
571 981 619 1026 res
648 962 725 1026 bene
747 962 852 1044 gestas
875 963 1020 1039 narravit,
1058 981 1188 1044 quorum

134 1069 311 1151 permultis
353 1070 420 1152 ipse
462 1068 611 1146 interfuit,
661 1069 758 1133 oratio
800 1069 935 1133 hominis
974 1069 1036 1134 tarn
1068 1069 1188 1151 patriae

135 1177 290 1254 amantis,
315 1177 391 1242 31313
414 1178 479 1241 tam
505 1177 621 1241 strenui
648 1177 679 1240 in
696 1177 860 1246 cothurnos
885 1177 972 1258 quasi
995 1178 1185 1261 assurgebat.

235 1286 328 1350 Liber
369 1285 405 1350 de
445 1285 636 1369 agricultura
682 1285 797 1363 contra,
842 1285 954 1368 quippe
991 1284 1043 1367 qui
1077 1303 1186 1367 corpus

136 1393 237 1476 quasi
266 1393 498 1476 praeceptorum
536 1391 573 1456 ed
602 1413 667 1457 rem
699 1393 857 1470 rusticam,
894 1394 943 1456 cui
979 1411 1084 1456 ornnes
1123 1393 1185 1458 fere

134 1501 277 1567 Romani
310 1500 422 1584 cotidie
454 1519 575 1583 operam
608 1501 729 1578 dabunt,
773 1500 992 1582 pertinentium
1025 1501 1115 1578 33331,
1159 1501 1186 1565 31

135 1609 280 1673 oratione
309 1608 408 1672 multo
440 1607 587 1673 ieiuniore
623 1609 815 1690 conscriptus
852 1612 908 1686 331,
947 1608 1023 1690 quid
1055 1609 1184 1673 mirum!

135 1716 278 1782 Omnino
293 1716 404 1793 nescio,
424 1715 575 1795 quomodo
594 1716 649 1780 1113
661 1716 849 1792 retractatio,
873 1734 965 1795 quam
988 1714 1110 1780 Keiliue
1127 1717 1187 1780 sibi

135 1824 241 1899 finxit,
265 1823 348 1887 facta
371 1823 421 1888 311.
471 1821 607 1907 Cogitari
627 1824 732 1905 potest
754 1843 809 1906 per
824 1823 1061 1908 grammaticum
1082 1823 1185 1888 ortho-

135 1930 305 2016 graphiam
338 1931 489 1994 mutatam
521 1935 553 1994 et
582 1932 726 1996 novatam
762 1950 837 2009 3333,
875 1930 957 2013 quod
987 1947 1042 1995 nos
1064 1950 1184 2013 quoque

137 2057 307 2104 censemus
331 2039 362 2102 et
375 2038 572 2121 comprobare
586 2040 689 2103 conati
702 2058 818 2117 sumus,
842 2058 902 2120 qua
922 2039 952 2102 in
965 2038 1184 2104 retractatione

136 2147 315 2228 complures
347 2146 552 2228 proprietates
586 2145 625 2210 ad
650 2145 794 2212 flexiones
829 2147 1016 2229 pertinentes
1041 2148 1072 2211 31
1099 2147 1183 2229 ipsas

138 2254 287 2336 expulsae
324 2273 390 2318 esse
430 2253 505 2317 item
549 2237 708 2319 ostendere
745 2254 776 2319 et
818 2253 964 2336 exemplis
1001 2253 1183 2318 confirmare

140 2361 330 2426 studuimus.
378 2360 545 2425 Difficilius
570 2363 617 2426 est
639 2362 852 2444 proprietates,
891 2380 968 2443 quae
1004 2360 1042 2426 ad
1078 2363 1182 2446 synta-

141 2469 210 2533 xim
232 2468 395 2551 pertinent,
420 2471 550 2546 mutare,
576 2469 636 2556 nisi
660 2469 727 2550 quis
759 2469 859 2533 totum
885 2469 1044 2551 scriptoris
1067 2469 1183 2534 librum

136 2576 307 2640 retractare
355 2576 481 2657 eiusque
528 2575 695 2639 3331331133
748 2575 1010 2660 cogitationesque
1059 2577 1182 2640 tantum

137 2681 268 2748 reddere
298 2683 374 2747 3311.
423 2681 546 2762 Siquis
571 2701 640 2747 vero
675 2682 768 2748 etiarn
788 2683 889 2768 magis
917 2683 1030 2747 librum
1056 2683 1181 2768 deagr.

136 2790 297 2855 mutatum
332 2791 363 2854 31
394 2790 594 2854 retractatum
630 2810 696 2856 esse
729 2792 828 2874 putat,
870 2811 989 2856 sumere
1025 2790 1117 2856 debet
1151 2793 1182 2856 in

138 2898 375 2980 praeceptorum
400 2897 629 2963 enumeratione
662 2897 735 2964 data
767 2900 923 2988 occasione
959 2918 1037 2964 3333
1066 2899 1182 2964 inserta
1229 2903 1231 2908 '

35 3019 38 3027 '
124 3007 218 3082 esse,
255 3006 315 3070 3113
339 3006 440 3087 capita
462 3005 614 3085 mutilata,
651 3008 711 3072 alia
745 3008 937 3090 interpolata,
968 3007 1028 3072 alia
1051 3009 1181 3090 repetita

137 3133 216 3179 3333.

228 3222 296 3286 Η33
333 3241 365 3285 re
396 3240 468 3286 vera
504 3221 619 3286 factum
656 3242 722 3288 3333
754 3223 834 3288 13133
869 3223 1060 3306 argumentis
1096 3244 1179 3289 com-

136 3328 329 3412 probandum
354 3329 410 3393 331.
457 3328 565 3410 Neque
592 3349 661 3396 vero
694 3330 870 3396 ullomodo
895 3331 1079 3414 dicipotest
1111 3334 1179 3398 lon-

137 3437 225 3522 giora
249 3435 373 3501 Catonis
398 3437 510 3519 capita,
532 3438 566 3501 in
591 3438 702 3520 quibus
727 3458 776 3503 res
800 3438 838 3503 ad
861 3439 1085 3524 agriculturam
1108 3462 1178 3526 per·

136 3545 270 3609 tinentes
296 3544 468 3629 elegantius
493 3547 524 3610 et
539 3547 697 3611 verbosius
723 3548 876 3629 expositae
902 3553 997 3626 erant,
1023 3550 1178 3614 31313133-

135 3654 274 3737 pclatcre
299 3652 431 3733 quodam
456 3654 501 3717 113
525 3655 645 3718 mutata
669 3673 745 3734 esse,
770 3657 806 3719 ut
828 3656 932 3721 breuia
955 3658 1178 3740 tantumprae-

137 3762 228 3844 cepta
250 3757 496 3841 relinquerentur
518 3763 548 3826 31
569 3763 700 3827 31333113
722 3765 819 3830 multo
841 3765 970 3829 ieiunior
1004 3766 1035 3830 et
1055 3767 1178 3833 tenuior

136 3868 233 3934 fieret.
283 3869 371 3950 Quod
396 3871 421 3934 31
446 3870 562 3934 factum
584 3871 674 3949 33331,
700 3872 765 3936 sine
787 3873 879 3937 <lubic
904 3874 1007 3939 omnia
1029 3878 1178 3943 vocabula

137 3967 440 4060 constructionesque
466 3978 607 4042 33133133
631 3981 749 4044 remota
771 3985 881 4046 essent.
920 3981 996 4047 Cum
1014 4004 1083 4052 vero
1101 3986 1177 4051 33113

138 4084 355 4167 comprobasse
380 4087 467 4151 nobis
492 4086 661 4165 videamur,
694 4089 805 4154 iniuria
832 4090 990 4156 Dietzium
1023 4092 1122 4157 dicere
1146 4094 1179 4159 in

170 4369 315 4660 s
