3028 4712
697 432 916 495 ..53-

287 620 396 710 literae
431 621 533 703 posita
567 621 609 686 411
642 621 733 686 litera
756 640 772 686 s
796 620 846 686 vel
870 639 910 686 ss.
935 619 973 685 ci.
1000 617 1190 686 Schuchardt
1205 619 1229 696 Ι,
1253 637 1325 702 pag.

290 728 362 792 132.
405 725 534 792 (lorssen
556 728 654 813 symb.
681 728 748 792 crit.
773 748 802 810 p.
825 727 902 792 495.
932 727 1073 809 pronunt.
1096 727 1119 804 l,
1144 745 1214 810 pag.
1249 727 1325 790 296.

289 836 356 900 tum
381 834 461 916 quod
496 835 616 900 mediae
647 835 679 899 41
711 836 818 899 144444
842 853 990 899 consonae
1024 834 1104 899 inter
1135 853 1167 898 se
1188 851 1326 898 commn-

293 941 408 1018 tantur,
433 942 627 1032 librariorum
652 941 729 1008 vitia
748 942 869 1014 vetusto
890 942 1022 1007 sermoni
1045 940 1153 1006 Latino
1175 939 1328 1005 vindicare

290 1055 428 1114 conatur.
463 1049 501 1114 cf.
525 1049 651 1114 Jordan.
687 1049 818 1114 Hermes
837 1050 904 1127 XV,
927 1069 956 1132 p.
979 1053 994 1114 1
1019 1049 1112 1130 4444.
1150 1047 1270 1112 Etenim
1294 1047 1328 1110 in

288 1156 336 1221 his
362 1157 453 1222 rebus
477 1175 558 1221 nunc
582 1157 709 1221 innova
725 1154 821 1221 Keilii
844 1153 1124 1239 editione'plurima
1147 1156 1229 1220 recte
1253 1172 1327 1218 con-

291 1266 401 1331 stituta
425 1266 505 1330 4441.
531 1285 602 1330 nam
626 1264 773 1329 sestarius
797 1285 820 1328 r.
846 1285 871 1328 r.
900 1267 949 1342 10,
964 1269 994 1328 2.
1023 1267 1142 1341 15111.
1168 1267 1198 1328 2.
1224 1260 1329 1327 desire
1410 1347 1413 1353 ‘
1464 1249 1471 1264 ’

290 1375 375 1451 18,2
427 1392 507 1438 4444
538 1375 620 1438 recte
655 1373 687 1436 in
716 1372 821 1436 dextra
847 1373 879 1436 et
915 1372 1064 1436 sextarius
1090 1371 1211 1435 mutata
1245 1370 1326 1446 4441,

292 1481 393 1546 144444
432 1481 464 1543 41
501 1479 588 1544 larus
626 1499 698 1546 vero
739 1480 880 1544 omnibus
918 1472 1115 1561 'temporibus
1165 1477 1245 1542 inter
1294 1495 1328 1541 se

290 1588 507 1653 miscebantur.
556 1588 674 1653 Deinde
711 1607 788 1669 quac
820 1587 945 1672 legebat
979 1586 1170 1668 quodannis
1194 1589 1247 1649 47.
1273 1586 1339 1648 73.

291 1697 364 1772 143,
395 1698 425 1759 3.
461 1694 559 1777 adque
583 1699 635 1773 22,
662 1699 689 1760 1.
713 1698 810 1773 48,1.
837 1698 889 1759 82.
925 1693 1048 1775 aliquod
1082 1693 1147 1757 dies
1184 1695 1257 1770 157,
1274 1694 1326 1756 11.

231 1793 232 1796 '
293 1802 374 1884 quod
397 1821 452 1884 pro
477 1804 553 1884 quot
578 1805 628 1880 14,
647 1808 677 1867 4.
695 1805 748 1878 40,
763 1805 792 1866 3.
818 1805 870 1879 43,
884 1805 915 1866 2.
940 1803 993 1866 62.
1017 1801 1156 1883 regentes
1172 1802 1225 1878 21,
1250 1817 1328 1880 4444

292 1929 430 1974 summae
473 1910 638 1974 vetustatis
674 1909 853 1974 testimonia
892 1927 958 1973 esse
995 1909 1023 1973 ei
1060 1907 1251 1984 videbantur,
1292 1925 1328 1972 ca

292 2017 415 2082 Keilius
439 2037 494 2083 suo
518 2019 584 2082 iure
609 2017 747 2094 correxit,
773 2035 841 2081 cum
868 2015 944 2080 nihil
969 2015 1031 2081 sint
1050 2015 1109 2080 nisi
1131 2015 1327 2079 librariorum

290 2125 366 2190 vitia
387 2125 441 2190 aut
463 2125 733 2208 grammaticorum
768 2123 1028 2188 inventiunculae.
1078 2121 1236 2205 Scriptura
1272 2121 1327 2202 ad-

294 2251 352 2315 qne
377 2251 447 2298 vero
471 2233 597 2298 minime
621 2232 744 2298 vetusta
767 2232 822 2309 est,
847 2231 902 2296 sed
922 2231 1003 2296 circa
1031 2230 1166 2316 Augusti
1204 2229 1327 2293 demum

292 2339 426 2405 aetatem
459 2341 493 2405 14
527 2341 622 2406 libros
655 2360 728 2406 msa.
762 2340 922 2422 irrepsisse
964 2339 1076 2422 potest.
1125 2337 1163 2402 cf.
1196 2336 1326 2402 Ritscbl.

292 2466 394 2530 opusc.
419 2446 473 2525 IV,
498 2468 527 2530 p.
548 2451 611 2512 164
634 2449 696 2512 not.
743 2445 830 2511 Idem
854 2446 1015 2511 dicendum
1039 2446 1087 2510 441
1110 2444 1147 2508 de
1172 2439 1329 2508 vocabulis

292 2553 452 2637 opsequito
482 2573 507 2618 r.
540 2573 564 2616 r.
587 2558 616 2631 b,
631 2557 660 2641 6.
697 2553 814 2636 suptile,
835 2573 860 2616 r.
884 2573 907 2618 r.
934 2555 1007 2630 143,
1026 2555 1055 2616 3.
1093 2550 1230 2634 opturari
1253 2570 1278 2615 r.
1302 2568 1327 2612 r.

297 2664 370 2726 154.
404 2661 479 2743 aput
502 2664 555 2738 46,
571 2664 601 2725 2.
627 2660 753 2742 441144.
780 2662 899 2738 41,10.
934 2660 1009 2724 haut
1035 2662 1085 2736 16,
1101 2661 1130 2723 9.
1157 2661 1209 2736 23,
1234 2661 1262 2734 7,
1294 2675 1329 2721 er

227 2810 230 2818 ·
272 2768 409 2849 441144
429 2768 512 2849 aput,
544 2769 599 2845 set,
634 2767 709 2831 haut
732 2769 815 2832 certe
838 2767 1037 2832 recentiorem
1072 2766 1254 2848 scripturam
1278 2783 1329 2828 ex-

293 2875 409 2952 hibent,
444 2893 513 2938 cum
535 2875 624 2940 inser.
651 2875 781 2940 vetustis
805 2875 926 2940 tantum
960 2873 1178 2940 confirmentur
1215 2872 1332 2963 formae

287 2983 386 3066 apud,
412 2981 475 3060 sed,
498 2982 580 3047 haud
611 2982 650 3048 cf.
676 2982 805 3048 Corssen
829 2983 940 3060 1,’192
965 3002 1050 3064 4444.
1098 2981 1130 3047 Ο.
1155 2981 1185 3046 J.
1211 2981 1245 3045 L.
1266 2977 1327 3043 ind.

294 3111 317 3156 s.
343 3111 371 3155 v.
417 3089 548 3154 Omnino
573 3090 649 3154 haec
683 3091 839 3155 vacillatio
873 3090 956 3156 inter
979 3090 1090 3154 dett
1114 3087 1150 3154 de
1175 3106 1329 3172 gramma·

290 3199 361 3264 ticis
385 3198 520 3283 Augusti
540 3198 677 3281 tempore
701 3197 879 3262 florentibus
907 3217 961 3262 nos
975 3197 1157 3274 commonet,
1183 3197 1235 3278 441
1250 3196 1330 3260 14144

297 3325 329 3372 44
351 3305 531 3388 discrepant,
557 3306 660 3369 utrum
683 3305 714 3370 in
735 3304 793 3369 fine
818 3305 1034 3371 vocabulorum
1061 3304 1081 3368 d
1104 3305 1172 3369 ant
1195 3303 1329 3368 scriben-

293 3414 367 3478 dum
391 3413 440 3478 411.

387 3521 596 3586 Vetustiorem
623 3521 805 3604 scripturam
836 3521 955 3584 tantum
988 3519 1131 3584 exhibent
1158 3518 1328 3602 opseqnito,

298 3630 421 3713 suptile,
448 3630 592 3713 opturari,
617 3630 647 3693 14
672 3629 783 3711 441144
800 3628 901 3692 media
916 3645 1083 3692 consonans
1097 3627 1330 3709 praepositionis

218 3736 220 3741 ’
297 3739 443 3804 tenuibus
474 3757 493 3819 p
519 3741 551 3802 et
571 3742 587 3801 t
606 3741 638 3801 et
669 3736 811 3802 sibilanti
836 3755 850 3799 s
881 3733 992 3799 similis
1022 3733 1108 3799 facta
1131 3738 1188 3812 441,
1222 3752 1330 3799 44444-

296 3846 370 3911 dum
394 3865 487 3926 quarn
511 3844 769 3909 assimilationem
805 3843 938 3908 vetustis
964 3842 1168 3925 temporibus,
1199 3845 1236 3905 ut
1258 3861 1329 3923 pro-

295 3955 452 4020 nuntiatio
479 3953 657 4036 flagitabat,
696 3971 816 4034 semper
847 3952 997 4033 scriptum
1028 3970 1094 4016 esse
1114 3949 1331 4044 inscriptiones

295 4063 436 4128 indicant
459 4061 497 4126 cf.
516 4055 652 4126 Ι0444444
677 4061 700 4139 Ι,
725 4081 755 4143 p.
778 4064 851 4125 119.
877 4077 947 4125 cum
972 4057 1095 4122 demum
1113 4057 1183 4122 inde
1207 4076 1226 4120 a
1249 4056 1330 4121 bello
