3018 4716
572 438 792 500 ...53-

159 629 354 713 tampon'hus
376 627 526 694 usitatum
549 626 644 692 fuisse
668 645 760 710 supra
784 624 927 703 vidimus,
952 624 1083 690 fortasse
1104 623 1199 690 rusti-

158 747 268 804 corum
290 739 320 802 in
344 755 435 802 usum
458 755 493 800 err
517 754 620 801 eorum
638 753 722 799 more
745 732 891 815 loquendi
912 732 1110 798 immisceret.

252 846 293 910 111
318 844 459 928 quoniam
482 844 602 928 agimus
625 843 662 906 de
694 841 837 922 stirpium
873 840 1061 925 syllabarum
1095 841 1200 906 ortho-

158 954 299 1038 graphia,
333 952 495 1017 nonnullae
521 951 744 1034 discrepantiae
767 949 847 1013 inter
880 948 995 1016 librum
1020 948 1057 1014 de
1078 968 1142 1032 agr.
1169 950 1201 1014 et

159 1061 243 1145 frgg.
267 1059 444 1125 tractandae
469 1060 549 1137 sunt,
587 1076 662 1140 quas
698 1057 837 1121 Dietzius
874 1055 972 1134 affert,
1009 1057 1044 1119 ut
1078 1056 1110 1121 in
1144 1053 1199 1118 illo

157 1169 309 1234 Catonem
333 1167 439 1251 lingua
462 1166 592 1250 vulgari,
617 1165 647 1229 in
671 1165 719 1228 his
739 1164 848 1249 lingua
869 1165 985 1228 urbana
1009 1181 1099 1228 usum
1132 1183 1198 1230 esse

159 1276 359 1342 demonstret.
1037 1325 1040 1332 .

254 1384 393 1448 Primum
419 1381 499 1446 enim
530 1381 607 1446 uitat
629 1378 805 1445 Ciceronem
828 1380 864 1445 do
888 1381 963 1446 orat.
988 1381 1045 1462 ΙΙΙ,
1083 1385 1126 1448 46
1151 1381 1198 1448 di·

157 1493 280 1560 centem
309 1489 468 1573 proprium
501 1506 568 1552 esse
601 1487 788 1552 messoribus
813 1506 829 1550 e
852 1487 1064 1570 plenissimum
1099 1489 1200 1556 dicere

157 1599 315 1666 nonnullis
338 1598 369 1661 in
393 1596 520 1660 vocibus
543 1595 607 1659 iota
630 1594 720 1658 litera
743 1593 873 1659 sublata.
920 1594 1025 1676 Atque
1055 1598 1086 1662 in
1118 1600 1196 1686 frgg.

157 1708 283 1792 praeter
314 1723 419 1781 unum,
448 1704 558 1768 ventus
592 1700 726 1780 Cercina,
762 1700 845 1782 quod
868 1701 989 1768 Gellius
1013 1704 1052 1783 11,
1077 1708 1130 1786 22,
1155 1711 1197 1775 29

157 1816 250 1882 affert
282 1831 337 1896 pro
362 1812 481 1889 ‚ventus
503 1808 632 1874 Circius‘
654 1808 773 1872 nullum
794 1807 867 1873 talis
890 1810 1058 1892 scripturae
1096 1833 1198 1881 arem·

157 1924 247 2007 plum
270 1920 402 1986 inveniri
425 1919 474 2004 (aa
496 1936 573 1999 quae
598 1918 635 1982 de
664 1916 763 1982 forma
785 1917 919 1999 spiciunt
954 1920 985 1984 et
1007 1920 1093 1986 Festi
1126 1944 1197 2011 pag.

157 2037 236 2102 344.
283 2030 317 2094 M
353 2027 437 2104 dicit,
473 2025 562 2107 plane
597 2043 741 2108 pervorsa
776 2024 859 2109 sunt)
895 2025 926 2090 in
961 2025 1040 2092 libro
1071 2029 1109 2096 de
1132 2052 1197 2118 agr.

157 2139 294 2226 plurima
329 2135 436 2200 haberi
469 2132 572 2214 qualia
603 2133 714 2198 leveris
752 2135 802 2196 69.
850 2132 1055 2200 viveradicem
1085 2138 1138 2219 33,
1166 2143 1196 2212 3.

158 2249 286 2314 doleum
311 2245 353 2310 23
378 2242 452 2326 (his)
475 2259 610 2324 spongea
646 2242 719 2318 162,
746 2241 775 2305 3.
807 2239 954 2304 trulleurn
991 2243 1041 2323 11,
1063 2245 1084 2309 3
1116 2246 1197 2312 unde

158 2354 315 2422 efficiatur
337 2353 369 2416 in
389 2351 468 2414 libro
493 2349 530 2412 de
556 2367 619 2434 agr.
651 2349 830 2431 usurpatam
863 2367 930 2414 esec
964 2349 1102 2435 linguam
1126 2354 1195 2418 vul·
1245 2412 1247 2417 .

156 2483 275 2547 garam,
286 2463 322 2526 in
341 2460 421 2544 frgg.
438 2458 578 2541 linguam
596 2457 752 2520 urbanam.
789 2456 897 2538 Neque
909 2475 981 2524 vero
998 2477 1050 2524 eac
1067 2458 1194 2551 formae,

154 2590 234 2654 quas
247 2570 345 2646 affert,
369 2565 536 2649 quidquam
552 2563 662 2629 valent.
688 2582 758 2628 nam
771 2563 941 2646 perfectum
965 2565 1050 2631 levi
1072 2567 1195 2653 linguae

154 2681 289 2744 urbanae
312 2694 379 2741 esse
402 2673 472 2737 inde
497 2671 637 2748 efficitur,
670 2671 752 2753 quod
784 2672 823 2735 ab
854 2672 983 2738 Horatio
1014 2677 1189 2758 usurpatur,

153 2786 285 2868 reliquis
311 2802 382 2850 vero
417 2781 493 2845 locis
523 2778 586 2844 lere
618 2779 758 2843 omnibus
793 2778 913 2846 codices
948 2781 1028 2846 inter
1063 2801 1095 2848 se
1130 2783 1192 2850 dis.

155 2894 284 2976 crepant
306 2891 343 2956 oi.
369 2888 466 2955 Keilii
490 2888 670 2971 apparatum
694 2887 844 2952 criticum.

250 3001 445 3080 Quamquam
479 2997 575 3081 igitur
604 2994 768 3079 elinguas
792 2995 913 3080 vulgari
937 2997 1196 3063 accommodatius

158 3109 257 3175 fuisse
281 3108 316 3171 ut
336 3105 473 3170 vocalem
500 3102 679 3168 debiliorem
701 3102 732 3166 et
753 3103 925 3179 molliorem
947 3105 1073 3171 concedi
1093 3107 1197 3188 potest

156 3215 361 3302 (Germanii,
387 3215 448 3278 199
474 3212 573 3296 sequ.)
599 3230 694 3292 eaque
712 3211 749 3275 de
769 3229 861 3276 causa
875 3211 1056 3296 fragmentis
1073 3197 1197 3297 quoque

159 3323 388 3400 vindicandum,
412 3322 516 3385 tamen
527 3320 559 3384 in
571 3319 628 3384 hac
641 3338 673 3384 re
685 3320 781 3384 libros
793 3338 867 3386 mss.
882 3321 913 3384 in
931 3318 1041 3403 quihus
1058 3323 1198 3392 Dietaius

157 3434 278 3512 nititur,
303 3433 339 3496 ut
361 3431 489 3516 reliquis
507 3425 630 3494 Catonis
653 3429 741 3494 libris
764 3428 797 3492 id
813 3429 976 3508 abiudicet‚
998 3431 1076 3496 nihil
1097 3433 1198 3498 valere

157 3542 296 3626 apparet.
361 3539 450 3620 Quod
485 3540 566 3604 enim
596 3539 627 3602 in
664 3537 810 3602 vocabulo
846 3538 1030 3620 melipontos
1066 3539 1085 3603 d
1118 3540 1152 3604 in
1186 3544 1199 3607 1

157 3652 314 3717 mutatum
331 3650 387 3726 cst,
414 3667 600 3730 quamquam
615 3647 646 3710 in
668 3645 822 3711 nonnullis
845 3646 1002 3712 vocabulis
1022 3649 1057 3711 nt
1072 3648 1200 3713 lacrima

159 3778 282 3842 semper
304 3757 465 3834 invenitur,
500 3756 582 3820 certe
604 3754 726 3836 linguae
751 3753 870 3837 vulgari
895 3751 1126 3820 accomodatum
1152 3756 1201 3820 est

159 3865 342 3952 (Schneider
364 3865 389 3941 Ι,
414 3884 444 3946 p.
468 3865 547 3928 257.
572 3860 761 3927 Schuchardt
791 3861 887 3926 vocal.
917 3862 991 3946 ling.
1021 3862 1089 3927 Lat.
1113 3862 1197 3946 vulg.

159 3977 185 4053 1,
226 3994 256 4056 p.
290 3973 353 4037 142
393 3969 521 4035 Gorssen
555 3971 609 4047 12,
647 3970 736 4054 223‚)
773 3988 872 4054 nequo
908 3970 1011 4036 tamen
1049 3969 1081 4036 id
1118 3968 1201 4056 quod

123 4085 127 4092 ’
160 4082 303 4151 Dietaius
324 4079 400 4158 vult,
425 4079 496 4144 inde
520 4077 660 4144 efficitur.
