2972 4710
538 424 779 487 —119-

140 617 316 682 rusticis
341 615 503 699 scripsi:
527 614 650 679 tantum
666 613 704 677 ad
722 613 914 678 enuntiatum
929 613 1014 695 prius
1029 612 1182 695 superius:

140 724 238 806 quid
262 723 306 788 (16
330 722 525 788 utilitate
549 723 692 802 loquar
717 719 992 785 stercorandi?

235 832 345 913 Neque
362 831 465 912 potest
489 830 597 913 negari
621 827 767 893 Catonem
789 847 821 892 rc
843 847 915 892 vcra
946 828 975 890 in
1013 826 1066 903 eis,
1105 844 1182 907 quac

139 939 289 1006 Klotaius
322 937 419 1014 affert,
455 937 609 1020 capitibus
645 937 681 1001 de
716 934 911 1000 stereoraudo
945 935 1039 998 verba
1072 931 1181 1010 facere,

142 1066 220 1111 cum
253 1048 284 1110 in
310 1064 374 1126 cap.
401 1047 453 1109 36.
479 1043 561 1107 dicat
584 1042 621 1108 de
645 1042 738 1107 variis
768 1042 930 1126 generibus
961 1042 1113 1119 stercoris,
1151 1042 1182 1105 in

142 1147 221 1236 cap'
238 1157 279 1218 37
306 1153 343 1218 de
366 1151 470 1216 herbis
493 1151 593 1216 malis·
618 1151 732 1232 eisquc,
763 1169 840 1232 quae
864 1150 967 1234 lruges
1004 1151 1181 1230 stercorant,
1226 1173 1229 1180 ·

139 1263 172 1324 in
197 1280 263 1343 cap.
290 1264 328 1326 61
366 1261 399 1324 in
428 1241 605 1324 universum
640 1257 731 1335 dicat,
771 1257 844 1338 quid
884 1258 925 1346 sit
961 1277 1067 1342 agrum
1105 1259 1182 1324 bene

140 1361 269 1434 colere?
294 1369 369 1432 bene
387 1385 481 1432 arare.
508 1365 582 1447 quid
598 1365 790 1430 secundum?
814 1384 909 1442 arare,
942 1365 1016 1447 quid
1032 1367 1181 1433 tertium?

139 1477 320 1552 stercorare,
347 1474 458 1556 quibus
484 1472 594 1537 addere
618 1473 739 1554 poterat
770 1472 912 1538 Klotzius
944 1492 1010 1556 cap.
1043 1477 1095 1553 50,
1128 1476 1182 1541 ubi

141 1583 269 1648 disserit
293 1581 329 1646 (16
349 1582 487 1662 tempore
505 1579 711 1657 stercorandi;
732 1599 830 1661 neque
854 1582 967 1659 tamen,
994 1601 1181 1665 quamquam

139 1711 187 1768 ca,
216 1709 291 1771 quae
316 1687 631 1765 commemoravimus,
656 1689 702 1751 ita
722 1706 754 1752 se
777 1687 900 1763 habent,
932 1688 995 1752 ullo
1019 1689 1086 1754 loco
1109 1690 1181 1758 libri

142 1798 180 1862 de
207 1816 272 1881 agr.
308 1795 433 1860 uberius
468 1794 500 1859 ct
535 1794 725 1876 explanatius
758 1793 795 1858 de
826 1795 962 1860 utilitate
996 1797 1182 1864 stercorandi

139 1904 289 1983 loquitur.
337 1902 398 1967 Sed
418 1922 487 1966 cum
512 1901 771 1966 verisimillimum
794 1902 835 1965 sit
858 1900 1034 1967 Ciceronem
1058 1907 1181 1972 omnino

142 2011 174 2074 in
198 2010 278 2075 libro
301 2009 338 2074 (16
363 2010 519 2074 senectute
540 2027 650 2092 parum
674 2007 837 2092 diligenter
870 2028 936 2072 rem
972 2010 1070 2091 egisse
1106 2012 1179 2095 (vid.
1311 2043 1314 2049 ·

141 2116 385 2182 Sommerbrodt.
411 2116 506 2199 praef.
521 2115 663 2180 editionis
680 2115 730 2178 lin.
754 2116 934 2200 Lahmeyer.
957 2115 1032 2181 Cato
1050 2120 1146 2184 maior
1158 2120 1180 2199 ²,

142 2244 221 2308 pag·
248 2225 288 2290 10
312 2225 373 2289 not.
402 2225 430 2288 1.
477 2223 659 2306 Ldtjobann.
689 2242 743 2286 zur
765 2223 860 2286 kritilr
879 2242 938 2287 von
961 2222 1083 2290 Ciceros
1105 2224 1181 2294 Cato

139 2332 248 2396 maior.
273 2349 351 2395 mus.
377 2330 473 2395 Rben.
502 2331 586 2394 1882
608 2351 638 2413 p.
663 2330 752 2414 496),
784 2327 859 2402 haec
892 2330 1096 2412 discrepantia
1122 2354 1181 2400 non

140 2438 233 2503 valde
257 2438 424 2522 premenda
454 2441 511 2502 est.
559 2438 703 2502 Fortasse
740 2434 845 2502 Cicero
871 2436 994 2502 Catonis
1029 2439 1107 2506 libro
1144 2444 1181 2509 de

141 2564 204 2630 agr.
232 2545 341 2610 leviter
365 2546 485 2610 tantum
509 2545 654 2626 perlecto,
681 2565 750 2610 cum
774 2564 832 2609 non
857 2545 944 2611 valde
969 2566 1038 2611 eum
1061 2549 1182 2616 iuvaret

101 2701 103 2706 .
143 2672 192 2717 res
217 2653 342 2730 rustica,
369 2653 480 2735 quippe
506 2653 592 2717 cuius
617 2654 699 2716 essct
720 2653 890 2735 imperitus,
916 2655 1079 2736 postquam
1103 2658 1182 2723 vidit

143 2778 211 2824 eum
245 2760 280 2824 in
316 2760 491 2824 universum
524 2759 561 2823 dc
599 2763 733 2824 stercore
768 2760 861 2824 verba
894 2760 1003 2839 lacere,
1037 2766 1182 2830 censebat

143 2865 290 2932 Catonem
315 2869 409 2932 etiam
433 2868 601 2931 utilitatem
618 2867 808 2932 stercorandi
833 2868 1013 2949 describere,
1036 2873 1071 2936 ut
1087 2873 1180 2939 etiam
1288 2875 1291 2880 ’

147 2976 239 3040 verba
260 2975 469 3058 Xenophontis
494 2974 700 3060 Cynopaediae
724 2975 796 3039 libri
824 2976 899 3040 Vlll
923 2997 987 3060 cap.
1014 2983 1101 3058 7,17
1132 2981 1179 3045 in-

144 3086 228 3148 serta
257 3102 365 3166 parum
399 3085 539 3148 accurate
574 3083 667 3147 vertit
701 3083 734 3147 in
768 3084 851 3166 §87
890 3085 1072 3171 (Lahmeyer
1106 3089 1126 3153 l.
1153 3109 1178 3155 c.

147 3189 318 3274 Ldtjohann
341 3192 361 3254 l.
377 3193 427 3275 c),
452 3191 581 3256 fortasse
604 3192 716 3256 librum
742 3190 868 3256 Catonis
900 3195 1020 3260 omuino
1049 3215 1108 3260 non
1131 3198 1179 3261 in-

121 3298 253 3378 .spcxit.
302 3297 379 3362 Cum
394 3318 500 3382 porro
531 3300 562 3362 in
594 3299 695 3364 verbis
729 3301 875 3382 proximis
908 3302 998 3381 dicat,
1035 3304 1083 3380 ,de
1120 3325 1180 3387 qua

150 3403 253 3472 doetus
275 3408 430 3472 Hesiodus
454 3428 490 3473 ne
514 3410 640 3474 verbum
666 3409 790 3491 quidem
812 3409 894 3487 fecit,
920 3431 987 3475 cum
1006 3412 1043 3476 de
1059 3413 1180 3479 cultura

148 3514 210 3596 agri
233 3515 399 3594 scriberet,
426 3517 529 3581 elucet
553 3519 654 3596 verbe,
676 3518 750 3596 ,dixi
777 3519 807 3581 in
832 3536 866 3583 eo
891 3520 979 3598 libro,
1018 3540 1109 3602 quem
1141 3521 1178 3586 de

149 3620 234 3687 rebus
247 3623 371 3688 rusticis
389 3625 507 3708 scripsi‘
530 3626 650 3690 tantum
673 3626 833 3691 referenda
848 3646 914 3692 csse
931 3628 971 3691 ad
987 3629 1178 3694 enuntiatum

153 3729 230 3807 ,quid
259 3730 296 3795 de
328 3732 465 3797 utilitate
495 3734 604 3814 loquar
637 3734 845 3800 stercorandi}
901 3737 1050 3815 Quoniam
1084 3737 1179 3822 igitur

151 3831 183 3898 dc
223 3838 374 3921 capitibus
432 3841 584 3923 prioribus
641 3861 699 3906 non
742 3844 894 3926 expressis
947 3845 1048 3909 verbis
1094 3844 1177 3922 dicit,

152 3963 222 4024 quae
245 3967 281 4012 ex
302 3947 380 4014 libro
406 3950 443 4014 de
464 3950 653 4034 agricultura
675 3951 786 4016 hausta
816 3952 886 4028 sint,
919 3971 995 4032 quae
1019 3971 1076 4016 non
1106 3953 1177 4032 sint,

153 4051 308 4126 diiudicare
322 4079 379 4124 non
393 4077 566 4142 possumus,
591 4062 694 4125 utrum
717 4081 753 4126 ea
777 4062 878 4140 verba,
905 4062 1018 4144 quibus
1046 4081 1094 4126 res
1107 4063 1177 4126 tan-
