3018 4716
749 460 968 520 -54-

429 647 517 727 Quod
539 665 610 712 vero
634 645 743 712 deinde
769 645 844 711 dicit
867 645 1051 711 vocabulum
1075 665 1165 710 mena
1185 667 1210 710 r.
1238 667 1261 711 r.
1291 648 1383 723 23‚1
1472 620 1473 648 ¹

338 755 421 819 idem
457 773 524 819 esse
554 754 635 836 quod
670 772 727 818 vor
762 753 882 818 Gallica
911 753 1010 817 benna
1044 754 1075 816 et
1097 771 1129 816 m
1156 748 1296 817 literam'
1318 773 1387 820 esse
1474 762 1476 890 p

338 861 600 926 accommodatam
616 860 856 944 pronuntiationi
868 859 998 945 vulgari,
1022 860 1112 942 plane
1122 861 1305 942 perversum
1327 861 1386 926 est.

338 971 419 1034 Nam
443 970 478 1033 ut
500 968 755 1052 praetermittam,
793 966 875 1047 quod
898 965 973 1032 (lato
993 987 1048 1048 pro
1081 966 1231 1032 vehiculis
1259 987 1389 1050 semper

342 1076 441 1141 utitur
462 1076 609 1141 uocabulo
633 1075 816 1158 plaustrum,
842 1075 974 1153 omnim,
1000 1072 1076 1156 quid
1100 1074 1240 1139 vehicula
1266 1076 1305 1138 in'
1327 1075 1389 1140 hoc

338 1184 501 1249 verborum
529 1203 607 1248 nexu
639 1183 698 1246 sibi
734 1181 839 1259 velint,
875 1201 933 1246 non
968 1182 1129 1266 intellego.
1178 1181 1264 1246 Dicit
1300 1182 1389 1248 enim

321 1292 394 1357 ·illo
422 1277 559 1356 locuste
599 1290 642 1354 eis
672 1290 824 1371 operibus,
859 1308 936 1370 quae
976 1309 1031 1372 per
1073 1289 1274 1373 tempestates
1317 1290 1391 1354 fieri

342 1399 471 1482 possint
490 1399 510 1462 i.
529 1417 554 1462 e.
573 1396 656 1462 dorni
678 1397 792 1478 „quala
806 1397 959 1480 parentur,
974 1397 1154 1474 sarciantur,
1171 1397 1218 1461 far
1233 1398 1388 1473 molatur,

341 1506 426 1570 oleae
458 1505 587 1569 caducae
623 1504 805 1568 sallientur“
843 1504 1026 1585 quibuscum
1051 1523 1110 1584 quo
1138 1503 1229 1568 modo
1261 1524 1390 1583 ,menae

340 1613 491 1677 emantur‘
522 1612 683 1676 cohaereat
714 1611 855 1692 equidem
887 1611 998 1675 nescio.
1064 1599 1172 1692 Neque
1202 1612 1263 1677 emi
1294 1612 1389 1694 quis-

343 1739 439 1802 quam
457 1720 594 1784 censebit
611 1718 752 1784 vehicula
766 1717 878 1782 melius
891 1704 949 1800 'per
964 1719 1164 1801 tempestates
1184 1719 1264 1783 enim
1287 1738 1389 1801 quarn

342 1847 397 1911 per
422 1827 487 1891 dies
512 1845 644 1892 serenos.
691 1827 789 1890 Immo
815 1834 943 1903 ,menae‘
967 1825 1120 1910 significat
1139 1825 1246 1910 ‘genus
1282 1825 1388 1907 quod-

344 1936 415 1999 dam
438 1935 569 2018 pisoium
592 1953 755 2016 parvorum
777 1933 973 2011 marinorum,
999 1934 1051 2015 qui
1068 1932 1270 1998 salliebantur
1287 1935 1320 1998 et
1346 1933 1387 1998 ab

341 2042 515 2107 hominibus
550 2042 735 2125 pauperibus
766 2041 943 2118 edebantur,
981 2041 1016 2104 ut
1054 2041 1176 2123 saepius
1214 2043 1389 2123 usurpatur

341 2147 423 2233 apud
446 2149 591 2214 Ovidium
621 2149 652 2232 et
674 2148 850 2214 Ciceronem
886 2149 917 2213 et
945 2149 1093 2213 translate
1127 2148 1243 2213 dictum
1275 2149 1384 2214 Plaut.

342 2260 436 2323 Peon.
461 2258 498 2334 V,
527 2260 556 2335 5,
572 2259 624 2322 33.
673 2255 733 2321 Sed
756 2275 795 2321 ne
817 2256 863 2320 ita
887 2255 1011 2338 quidem
1032 2256 1223 2340 intellegitur
1247 2257 1387 2321 uocabu-

342 2365 406 2429 lum
431 2365 580 2442 emantur,
606 2383 675 2428 cum
698 2364 868 2428 necessario
890 2362 1008 2444 aliquid
1028 2361 1145 2427 dictum
1168 2381 1234 2428 esse
1260 2362 1384 2433 uaueao

342 2471 423 2554 quod
447 2471 529 2536 domi
548 2471 615 2536 fieri
635 2471 739 2552 potest
759 2490 814 2554 per
845 2470 967 2555 longius
997 2470 1128 2553 tempus.
1176 2469 1277 2549 Quare
1306 2471 1386 2552 quin

343 2580 484 2644 emantur
521 2578 575 2642 aut
615 2578 769 2659 glossema
803 2580 857 2642 aut
890 2577 1061 2660 corruptela
1100 2595 1136 2641 ex
1174 2575 1386 2660 dittographia

342 2685 484 2753 vocabuli
508 2704 615 2749 menae
640 2686 707 2750 orta
735 2685 785 2763 sit,
819 2704 878 2749 non
900 2683 1016 2762 dubito,
1053 2684 1097 2748 ita
1132 2684 1167 2747 ut
1189 2681 1264 2748 Cato
1304 2684 1382 2749 sim-

341 2795 463 2879 pliciter
486 2793 661 2877 scripserit:
686 2811 779 2875 quom
794 2793 889 2876 pluet,
915 2791 1175 2875 qualaparentu1·,
1201 2791 1382 2869 sarciantur,

229 2945 233 2956 »
341 2903 387 2967 far
405 2901 548 2978 molatur,
574 2919 689 2979 menae,
715 2901 799 2965 oleae
824 2899 965 2986 caducae
980 2899 1152 2964 sallientur.

432 3009 571 3090 Denique
606 3006 687 3088 quod
722 3006 870 3072 vocabula
902 3007 1055 3084 nonnulla,
1095 3025 1174 3088 quae
1208 3025 1226 3070 a
1259 3026 1382 3089 puraa

345 3117 444 3182 vocali
468 3117 601 3199 incipere
621 3115 729 3191 solent,
766 3115 950 3197 aspiratione
974 3113 1115 3198 praedita
1139 3114 1210 3178 sunt
1243 3114 1277 3178 in
1299 3114 1381 3180 libro

343 3224 379 3289 de
404 3245 478 3306 agr,
516 3223 637 3288 Distrio
654 3222 791 3307 vulgaris
814 3223 962 3288 sermonis
987 3223 1018 3287 et
1033 3222 1292 3304 pronunciationis
1311 3241 1381 3288 esse

264 3345 269 3356 '
342 3331 419 3396 falso
454 3331 586 3408 videtur,
615 3349 694 3394 *nam
730 3330 945 3394 consonantem
980 3329 1005 3395 h
1032 3329 1062 3393 irr
1097 3327 1254 3393 vocabulis
1289 3329 1381 3396 holus

342 3459 365 3502 r.
388 3458 412 3502 r.
440 3440 512 3516 149,
529 3441 559 3504 2.
595 3438 708 3502 harena
737 3437 903 3502 harenosus
934 3457 958 3500 r.
984 3457 1007 3500 r.
1040 3437 1092 3514 40,
1108 3438 1137 3500 2.
1174 3438 1223 3514 18,
1239 3439 1268 3499 7.
1304 3439 1379 3502 131.

343 3547 441 3623 34,2.
478 3545 615 3610 harundo
644 3548 697 3623 ul,
714 3546 741 3608 1.
780 3546 896 3622 160,1.
932 3545 1014 3608 recte
1051 3563 1082 3608 sc
1117 3542 1228 3607 habere
1263 3562 1298 3607 er
1329 3545 1380 3608 in-

342 3652 557 3734 scriptionibus
604 3652 823 3717 vetustissimis
863 3652 893 3715 et
937 3649 1137 3735 grammatica
1172 3652 1380 3732 comparativa

344 3759 485 3824 efficitur.
512 3759 549 3825 cf.
573 3757 697 3824 Curtius
722 3760 813 3844 etym.
840 3758 946 3824 Graec.
975 3761 996 3835 ⁶,
1023 3778 1052 3840 p.
1080 3759 1153 3822 202.
1201 3758 1379 3842 Bragmann

343 3867 536 3947 quaestiones
557 3866 674 3949 morpb.
700 3868 723 3943 I,
757 3867 808 3931 51.
858 3865 958 3944 Quare
994 3884 1179 3947 quamquam
1212 3866 1243 3928 in
1273 3865 1379 3950 lingua

343 3974 465 4058 vulgari
491 3975 707 4057 aspirationem
736 3974 851 4039 diutius
873 3978 1025 4038 servatam
1054 3992 1120 4038 esse
1147 3973 1238 4037 verba
1261 3973 1379 4058 Nigidii

343 4081 447 4169 Figuli
472 4102 520 4165 ap,
547 4082 626 4148 Gell.
649 4082 733 4158 Xlll,
774 4084 837 4160 6,3
873 4083 931 4144 H.:
967 4082 1100 4146 rusticus
1131 4081 1167 4147 fit
1208 4100 1316 4159 sermo,
1352 4083 1377 4149 si
1475 4140 1476 4154 ,
