2972 4710
543 492 785 555 -115-

148 680 275 773 Catonis
298 701 408 746 nomen
443 681 538 746 deest.
587 683 652 746 Aut
678 683 776 767 igitur
810 683 992 748 sumendum
1025 687 1073 747 est
1107 683 1189 766 apud

147 788 297 855 Catonern
319 789 474 873 quondam
496 791 567 873 plus
597 791 715 871 lectum
749 809 815 854 esse
850 790 942 871 idque
977 773 1086 872 postea
1109 791 1189 873 apud

146 898 318 962 Varronem
340 898 564 979 interpolatum
588 916 654 962 esse
679 917 773 977 eaque
798 896 834 962 de
859 917 952 984 011111
982 917 1092 963 nomen
1124 900 1189 964 eius

146 1023 210 1068 non
231 1005 423 1069 nominatum
443 1009 497 1069 aut
521 1023 673 1069 summam
689 1005 800 1086 eapitis
817 1005 966 1069 Varronis
985 1009 1094 1087 postea
1108 1006 1189 1088 apud

136 1110 299 1177 ¹Catonern
334 1113 550 1194 interpolatam
585 1131 660 1177 0110.
709 1111 786 1176 Cum
821 1132 892 1177 vero
931 1113 1062 1178 Varonis
1098 1113 1191 1195 eaput

148 1221 373 1285 sententiarum
386 1221 479 1285 nexui
501 1221 591 1302 plane
613 1219 807 1302 respondeat,
832 1221 1019 1299 quinetiam
1047 1221 1077 1284 in
1102 1240 1188 1302 oapp.

148 1327 226 1391 XIX
253 1332 285 1393 et
306 1329 365 1393 XX
389 1328 425 1393 de
450 1327 699 1410 quadrupedibus
722 1327 907 1410 disputetur,
932 1308 1059 1392 'Catonis
1087 1334 1189 1393 autem

146 1437 244 1517 eaput
265 1437 333 1501 loco
355 1436 444 1518 plane
468 1436 571 1518 inepto
596 1436 691 1513 extet,
729 1436 801 1516 quia
837 1436 869 1500 et
900 1437 990 1500 antea
1020 1437 1051 1500 et
1082 1439 1191 1518 postea

146 1543 280 1608 devino
305 1542 425 1621 dieitur,
459 1561 518 1607 non
542 1542 659 1622 dubito,
696 1543 772 1623 quin
806 1544 877 1625 post
911 1545 1077 1609 Varronem
1112 1543 1190 1608 illud

146 1651 274 1717 Catonis
298 1653 391 1733 caput
414 1670 453 1715 ex
475 1651 618 1715 Varronis
642 1651 743 1715 verbis
766 1651 987 1731 interpolatum
1018 1651 1068 1729 sit,
1106 1652 1189 1731 quod
1264 1663 1267 1669 '

152 1778 190 1824 eo
218 1758 424 1836 confirmatur,
457 1758 537 1839 quod
560 1751 690 1823 'Catonis
725 1759 820 1822 verba
854 1759 942 1840 quasi
977 1760 1192 1842 argumentum

147 1867 295 1936 Varronis
319 1866 482 1931 verborum
507 1866 586 1930 sunt.
625 1865 839 1930 .Sohoeiderus
863 1866 894 1928 in
909 1865 1041 1930 editione
1064 1866 1191 1954 eandem

148 1975 336 2039 sententiam
356 1974 494 2056 protulit.

243 2081 389 2162 Sequitur
410 2082 507 2146 Vano
532 2081 555 2157 1,
582 2084 634 2159 22,
661 2085 699 2146 3:

239 2191 345 2269 Itaque
369 2187 467 2268 ,Stolo
490 2189 600 2270 inquit,
625 2188 783 2272 proposita
804 2189 1018 2272 magnitudine
1038 2189 1125 2253 fundi
1147 2226 1189 2236 -

147 2298 228 2361 item
251 2297 334 2360 alia‘
380 2297 466 2361 Haeo
490 2297 591 2361 omnia
616 2296 815 2360 inveniuntur
836 2296 869 2358 in
901 2294 1025 2361 Catonis
1061 2316 1125 2378 oap.
1150 2298 1188 2375 X,
1275 2327 1278 2333 ·

147 2422 336 2485 quamquam
365 2424 439 2469 num
465 2403 559 2467 Varro
584 2402 676 2487 pillud
710 2405 802 2484 eaput
831 2404 920 2486 plana
955 2404 1062 2468 eadem
1094 2404 1193 2468 forma

148 2512 271 2596 legerit,
298 2511 459 2576 diiudicari
480 2529 539 2575 non
562 2512 674 2593 potest,
710 2511 860 2590 quianon
888 2510 1077 2576 adverbum
1103 2512 1189 2590 uitat,

149 2619 204 2683 sed
232 2619 379 2682 nonnulla
410 2619 553 2700 exempla
579 2618 683 2701 elegit.
732 2616 877 2697 Sequitur
902 2618 997 2682 Varro
1021 2619 1045 2695 Ι,
1077 2621 1128 2697 22,
1152 2623 1190 2682 4:

149 2726 257 2804 „Item
282 2725 411 2790 alteram
438 2725 600 2789 formulam
631 2726 826 2789 instrumenti
850 2724 936 2788 1111111
962 2715 1073 2789 vinarii
1106 2726 1189 2804 feeit,

149 2834 181 2898 in
207 2852 267 2914 qua
291 2832 407 2911 scribit,
440 2833 466 2897 si
490 2833 532 2899 sit
563 2831 760 2916 Cingernm,
796 2833 909 2897 habere
937 2836 1077 2914 oportere
1116 2852 1192 2898 vasa

130 2941 319 3006 toreularia
339 2942 491 3005 instructa
513 2941 604 3018 trina,
631 2940 715 3004 dolia
738 2959 807 3004 oum
838 2940 989 3022 opereulis
1021 2941 1190 3004 oulleorum

150 3048 407 3133 octingentorum,
430 3048 569 3112 asinaria
590 3048 710 3131 uiginti,
734 3047 938 3112 frumentaria
961 3048 1080 3132 viginti,
1114 3048 1191 3128 item

150 3156 217 3221 eius
239 3156 324 3220 modi
346 3155 428 3220 alia‘.
476 3154 594 3220 Deinde
619 3154 706 3219 addit
730 3156 845 3219 Varro:
869 3174 948 3234 quae
965 3155 1065 3219 minus
1089 3156 1192 3219 multa
1230 3138 1231 3142 ¹

150 3263 276 3346 quidem
300 3263 362 3340 1111,
397 3263 451 3327 sed
483 3266 609 3327 tantum
644 3281 803 3327 numerum
829 3263 999 3327 0111οο11111
1030 3264 1190 3346 scripsisse

150 3375 268 3454 puto,
305 3391 341 3435 ne
374 3373 535 3451 cogeretur
572 3371 738 3451 quotannis
773 3371 902 3436 vendere
933 3372 1046 3436 vinum.
1084 3375 1191 3436 vetera

150 3480 230 3544 enim
245 3498 338 3560 quam
354 3499 445 3557 nova,
468 3481 499 3543 et
523 3479 630 3543 eadem
648 3480 708 3544 alio
725 3480 861 3561 tempore
878 3498 971 3558 quarn
987 3481 1049 3544 alio
1066 3480 1187 3562 111111.ι

151 3587 236 3666 Quae
261 3587 360 3650 Varro
384 3586 518 3651 seribere
544 3606 603 3651 non
621 3588 733 3668 potuit,
760 3587 786 3650 si
809 3587 917 3650 eadem
933 3587 1015 3671 apud
1040 3586 1188 3651 Catonem

150 3694 228 3774 legit
252 3712 329 3773 quae
344 3713 415 3758 nos:
441 3693 533 3769 dolia,
553 3695 608 3758 ubi
631 3695 764 3774 quinque
785 3683 959 3758 'vindemiae
984 3714 1050 3758 esse
1071 3695 1191 3776 possint

150 3799 783 3879 0111101111Βο00,110111,1111111110οο1
814 3801 928 3866 condat
957 3803 1023 3879 XX,
1053 3801 1190 3866 frumen·
1317 3829 1319 3833 v

150 3910 233 3973 taria
252 3909 332 3985 XX‘,
365 3928 437 3973 nam
470 3908 546 3973 Cato
570 3909 723 3991 expressis
760 3909 861 3973 verbis
898 3909 975 3974 dioit
1007 3908 1091 3973 dolia
1124 3911 1191 3971 tam

151 4036 266 4101 magna
311 4016 385 4080 sint
414 4020 564 4098 oportere,
609 4021 646 4081 ut
681 4017 814 4097 quinque
859 4016 1030 4082 vindemiae
1076 4016 1192 4080 servari

153 4125 281 4206 possint,
306 4125 325 4188 i.
352 4144 377 4189 e.
402 4144 439 4187 ne
461 4124 626 4205 quotannis
649 4125 778 4189 vendere
804 4125 906 4189 vinum
930 4128 1072 4210 uegetum
1098 4126 1193 4189 uerba

1098 4245 1130 4299 8*
