2972 4710
698 445 938 510 -170-

294 633 326 698 et
347 633 420 710 157,
450 651 528 713 quae
560 633 638 698 inter
659 635 760 714 capita
790 639 830 698 11
858 636 955 698 1152
986 637 1076 714 atque
1107 635 1180 700 133.
1229 633 1330 714 Quare

295 759 372 822 quae
395 738 520 803 Catonis
542 739 612 818 siut,
646 758 722 821 quae
752 758 813 804 nou
844 740 914 820 sint,
948 740 1108 806 diiudicari
1134 741 1185 806 111
1214 743 1327 824 potest.

294 847 342 911 11
353 847 486 930 primurn
510 846 632 928 quidem
656 847 715 911 hoo
737 848 905 912 asseverari
923 867 1012 929 posse
1037 848 1166 926 videtur,
1186 851 1225 913 ab
1241 849 1328 913 initio

294 954 403 1037 eapitis
427 953 550 1038 genuini
575 953 721 1018 similiter
743 954 834 1034 atque
856 955 886 1019 in
911 955 1010 1037 eapite
1035 956 1097 1019 157
1127 957 1230 1020 111111
1261 976 1328 1022 1111
1419 965 1424 970 “

295 1061 331 1126 11
369 1060 535 1145 generibus
570 1060 731 1126 brassicae.
794 1061 935 1126 Effioitur
970 1050 1033 1126 ¹hoe
1072 1081 1107 1126 11
1138 1065 1329 1147 paragrapho

295 1167 410 1233 altera:
451 1167 576 1246 ,sumito
608 1168 760 1234 brassicae
796 1187 872 1250 quaa
912 1169 1069 1234 levissima
1102 1169 1161 1233 erit
1202 1170 1238 1235 P.
1261 1170 1327 1236 IH‘.

294 1275 412 1340 Deinde
438 1294 515 1356 quae
538 1275 734 1340 eontinentur
762 1275 952 1360 paragrapho
982 1275 1083 1359 prima
1111 1277 1221 1360 eapitis
1253 1280 1326 1356 156,

296 1381 515 1447 confirmantur
543 1383 689 1446 Varronis
720 1384 797 1462 loeo,
834 1402 925 1464 quem
953 1401 1046 1467 supra
1072 1383 1246 1461 attulimus,
1275 1385 1329 1450 sed

294 1491 356 1554 iarn
379 1491 522 1568 vidimus,
552 1509 591 1555 11
610 1491 746 1555 Varrone
778 1492 870 1568 uerba
897 1488 1021 1555 Catonis
1049 1491 1235 1575 interpolata
1261 1512 1327 1559 esse

293 1597 462 1662 verisimile
482 1598 558 1675 fieri,
584 1617 677 1678 quare
699 1597 774 1662 haee
797 1617 836 1664 11
859 1597 956 1662 forma
973 1599 1143 1664 reeentiore
1166 1598 1329 1683 desumpta

293 1724 360 1769 esse
381 1704 530 1770 videntur.
578 1705 710 1784 Reliqua
730 1723 814 1784 1111,
839 1705 956 1770 utiam
979 1703 1120 1784 diximus,
1157 1705 1329 1772 diffieiliora

293 1813 326 1877 et
351 1813 578 1894 perturbatiora
600 1814 671 1877 sunt
701 1831 793 1894 quam
824 1812 860 1876 ut
886 1811 922 1876 de
950 1813 993 1876 eis
1024 1812 1172 1877 iudioiurn
1194 1813 1328 1895 proferre

298 1919 474 1998 audeamus,
498 1938 566 1984 oum
591 1919 711 1984 omnino
734 1938 793 1984 non
808 1919 870 1983 iarn
885 1919 1129 2006 explioarinosse
1149 1939 1330 2003 persuasum

291 2026 468 2092 habeamus.

334 2183 338 2192 .
382 2134 417 2198 In
442 2133 542 2217 eapite
567 2136 628 2198 158
652 2134 779 2198 1111111
807 2134 878 2199 1111
899 2133 1047 2217 permulti
1076 2132 1220 2199 infinitivi
1237 2154 1326 2218 prae-

292 2242 398 2320 sentis,
419 2242 530 2321 quibus
554 2261 589 2305 11
612 2241 711 2306 forma
734 2242 903 2306 recentiore
927 2241 1124 2323 desumptum
1155 2261 1223 2307 esse
1255 2261 1327 2307 con-

291 2349 440 2428 firmatur,
465 2349 639 2431 siquidem
664 2347 789 2414 Catonis
815 2353 871 2428 est,
897 2348 979 2431 quod
1002 2348 1090 2414 valde
1112 2348 1240 2414 dubium
1261 2369 1327 2416 essa

290 2457 369 2520 mihi
390 2456 521 2521 videtur.
595 2509 598 2514 .

383 2565 493 2628 Restat
515 2565 611 2646 igitur·
627 2579 719 2646 eaput
737 2563 810 2642 161,
835 2564 918 2644 quod
937 2563 968 2628 in
983 2563 1078 2628 Plinii
1099 2562 1178 2628 libro
1195 2565 1327 2630 novissi-

291 2692 375 2737 mum
399 2673 494 2736 fuisse
507 2691 600 2755 supra
622 2672 765 2737 vidimus
791 2672 920 2737 eundern
943 2671 1045 2736 looum
1065 2691 1141 2736 num
1155 2672 1186 2735 in
1204 2671 1328 2737 Catonis

294 2781 428 2865 genuino
452 2780 531 2845 libro
558 2779 733 2858 obtinuerit,
759 2779 848 2844 valde
869 2779 984 2857 dubito,
1010 2796 1081 2842 oum
1102 2798 1167 2844 eam
1194 2797 1326 2858 oausam,

292 2907 384 2971 quam
408 2888 528 2952 Plinius
550 2887 647 2967 affert,
669 2886 757 2952 nihili
782 2906 847 2952 esse
878 2886 1034 2970 appareat.
1081 2885 1128 2951 Ao
1155 2887 1258 2951 neseio
1289 2906 1327 2952 an

292 2998 432 3063 additum
468 2996 510 3060 sit
543 2995 601 3059 hoo
634 2995 781 3078 caputet
814 2995 914 3078 ipsum
951 3014 990 3060 11
1016 2994 1115 3059 forma
1147 2993 1325 3073 1111111111,

291 3105 435 3188 quoniam
450 3104 481 3168 in
497 3103 550 3168 illo
563 3104 687 3188 genuini
702 3102 828 3168 Catonis
844 3121 983 3168 sermone
999 3103 1148 3184 quaedam
1173 3101 1328 3167 interiisse

292 3212 411 3278 indieat
436 3212 618 3277 vocabulum
642 3211 836 3296 subigere
861 3212 893 3276 et
913 3210 1113 3294 imperativus
1134 3211 1166 3274 in
1190 3210 1328 3274 extremo

291 3321 390 3404 eapite
427 3319 489 3398 ,fao
523 3321 665 3402 iugaras‘.
721 3319 922 3384 Inrerendum
952 3322 1057 3383 autern
1094 3318 1171 3382 mihi
1206 3317 1328 3382 videtur

291 3448 357 3494 esse
380 3427 438 3493 hoo
461 3431 552 3512 caput
570 3429 641 3512 post
664 3430 756 3512 eaput
779 3431 831 3507 48,
856 3446 915 3508 quo
940 3427 1054 3510 optime
1079 3425 1218 3508 quadrat.

383 3537 474 3600 Hune
498 3536 634 3601 ordinem
657 3539 763 3603 nostra
784 3537 906 3617 quidem
926 3536 1077 3602 sententia
1099 3533 1175 3600 Cato
1202 3535 1328 3599 11111-

291 3647 450 3713 seribendo
470 3647 549 3713 libro
584 3667 638 3714 suo
676 3649 799 3712 secutus
834 3648 891 3712 111.
954 3646 1041 3711 Licet
1071 3643 1225 3709 interdum
1254 3642 1328 3708 falsi

291 3758 396 3837 simus,
424 3758 456 3823 id
481 3758 649 3822 ostendisse
663 3757 750 3822 nobis
774 3755 911 3821 videmur
935 3759 1054 3820 eertum
1072 3754 1167 3819 fuisse
1190 3754 1328 3820 ordinem

289 3869 320 3932 11
344 3868 423 3932 libro
447 3866 483 3931 de
509 3867 706 3951 agricultura,
732 3867 786 3946 qui
809 3868 892 3932 solus
920 3867 998 3931 tanti
1021 3865 1078 3930 viri
1098 3865 1220 3947 ingenio
1254 3885 1326 3931 oon-

290 3977 381 4042 venit.
439 3977 547 4041 Totius
574 3975 671 4059 igitur
697 3975 770 4040 libri
802 3975 839 4040 de
871 3975 1058 4059 agrioultura
1091 3972 1326 4057 dispositionem

291 4085 424 4150 breviter
448 4085 632 4166 repetamus,
657 4083 753 4147 Keilii
773 4083 894 4167 saepius
919 4083 1020 4148 verbis
1044 4083 1100 4147 usi.
