3018 4716
573 433 791 494 ..61-

261 618 305 682 Ut
330 618 394 682 iam
417 618 515 698 igitur
537 617 630 682 finem
660 618 880 704 disputationis
916 619 952 683 de
987 621 1209 705 orthographia

170 723 344 790 Catoniana
366 725 519 789 faciamus
540 726 652 790 Festus
673 745 702 807 p.
729 729 803 789 242.
829 726 872 790 M.
898 726 984 791 dicit.

268 871 308 878 —
322 853 346 911 s,
372 831 450 896 Cato
473 851 565 914 saepe
590 832 668 896 dioit
691 836 729 896 ut
773 880 1059 900 ......

262 939 362 1018 boses,
387 940 456 1004 looo
478 960 493 1003 r
516 938 663 1004 dicebant
710 991 994 1005 ......

264 1047 387 1129 proprie
412 1047 492 1112 mari
517 1066 593 1129 opus
630 1049 694 1124 est3
729 1065 809 1127 quae
837 1048 931 1112 verba
961 1049 1129 1118 Muellerus
1161 1053 1209 1118 ita

170 1154 344 1236 supplevit:

260 1263 414 1345 Papisios‚
451 1262 529 1327 Cato
559 1281 651 1345 saepe
687 1262 764 1326 dieit
795 1269 832 1328 ut
850 1264 1011 1345 antiquis
1050 1268 1147 1332 etiam
1179 1270 1209 1333 in

169 1371 280 1436 robose
305 1375 337 1436 et
360 1371 486 1435 arboses
521 1370 589 1434 loeo
612 1391 628 1434 r
649 1369 796 1435 dicebant
843 1423 849 1436 .
898 1424 904 1436 .
954 1425 960 1437 .
1010 1427 1016 1438 .
1069 1377 1209 1459 properie

168 1479 249 1543 mari
273 1497 352 1561 opus
388 1483 467 1542 est.“
508 1497 537 1560 p.
565 1480 628 1542 395
664 1478 742 1542 haee
776 1478 910 1544 addens:
951 1481 1041 1561 Quod
1065 1484 1209 1566 Papisios
1252 1471 1280 1491 ²

169 1587 277 1668 posui:
327 1604 387 1650 non
425 1585 566 1669 ignoravi
600 1585 723 1664 quidem
758 1585 822 1649 iam
855 1586 1016 1668 Papirium
1064 1588 1209 1656 Crassum

170 1694 357 1759 dictatorem
392 1712 420 1758 a.
452 1713 483 1759 1.
516 1695 591 1758 413.
638 1693 801 1774 Papisium
832 1695 937 1758 uocari
972 1695 1107 1762 desitum
1143 1718 1210 1764 esse

166 1802 216 1887 (ut
240 1801 334 1867 refert
369 1798 431 1865 dio.
456 1801 496 1865 ad
530 1801 603 1865 iam.
633 1801 686 1878 IX,
712 1801 768 1884 21)
805 1803 836 1866 et
874 1801 1010 1884 Appium
1041 1803 1207 1871 Claudium

169 1928 326 1976 censorem
347 1928 375 1974 a.
400 1909 476 1974 441.
500 1908 634 1991 primum
650 1909 793 1973 Valerios
817 1909 848 1973 et
870 1910 980 1975 Furios
1004 1911 1129 1991 dixisse,
1155 1914 1209 1979 sed

168 2017 279 2100 putavi
302 2016 454 2082 Catonem
486 2017 582 2082 etiam
618 2017 701 2081 eirea
721 2035 749 2080 a.
778 2017 843 2080 600
867 2018 901 2080 in
924 2019 1120 2100 Papiriorum
1153 2040 1208 2086 no-

167 2126 251 2190 mine
274 2124 437 2206 antiquam
460 2124 712 2190 consuetudinem
737 2124 825 2203 sequi
840 2125 977 2206 potuisse
1002 2131 1038 2192 ut
1054 2129 1209 2207 quaedam

169 2232 332 2298 Furiosum
354 2232 493 2296 Familiae
515 2232 611 2297 etiam
644 2231 813 2313 posteriore
843 2233 980 2314 tempore
1003 2234 1090 2299 Fusii
1125 2235 1208 2301 dioe-

168 2340 315 2404 bantur.“
354 2339 437 2404 Hine
459 2339 600 2405 Dietzius
624 2358 697 2424 pag.
719 2341 737 2402 8
763 2357 884 2404 summa
908 2340 1022 2405 iniuria
1044 2343 1208 2408 eoneludit.

172 2446 324 2513 Catonem
336 2447 461 2530 saepius
476 2447 708 2524 rhotaeismnm
734 2447 788 2526 qui
808 2447 930 2526 dieitur,
948 2448 1210 2530 vitasse-quam-

171 2573 266 2636 quam
288 2556 352 2619 tria
385 2556 509 2620 tantum
534 2555 676 2637 exempla
706 2555 865 2620 extarent:
900 2555 994 2620 robus
1014 2576 1037 2620 r.
1060 2577 1084 2621 r.
1114 2560 1207 2635 17,1.

170 2664 280 2728 melios
301 2684 325 2728 1.
349 2684 373 2728 r.
397 2668 427 2740 4,
455 2665 482 2728 1.
511 2663 612 2728 honos
647 2663 705 2746 frg.
734 2663 787 2739 51,
804 2662 832 2728 1.
870 2665 921 2741 83,
936 2667 966 2726 2.
1013 2664 1144 2729 Videtur
1177 2665 1210 2729 in

169 2772 229 2835 hae
252 2790 284 2835 re
306 2769 502 2836 Corssenium
525 2771 667 2835 seoutum
690 2789 766 2848 esse,
790 2770 843 2850 qui
868 2770 985 2852 etipse
1007 2769 1208 2852 disputatio

170 2879 308 2945 exitibus
330 2897 348 2949 s
368 2879 558 2943 rhotaeismo
592 2879 624 2942 in
647 2897 668 2946 1·
694 2877 820 2954 mutari,
856 2878 1014 2944 vetustum
1037 2897 1109 2943 vero
1144 2898 1208 2944 ser-

170 2991 279 3053 vatum
303 3005 369 3052 esse
393 2987 425 3051 in
459 2986 554 3050 honos
586 2983 619 3049 Ο.
641 2985 670 3050 J.
696 2985 731 3048 L.
762 2985 786 3062 Ι,
808 2987 859 3062 33,
886 2988 937 3049 34.
985 2987 1068 3050 Mon.
1095 2986 1206 3071 Anepr.

170 3095 208 3160 R.
236 3117 265 3178 g.
292 3095 320 3160 d.
353 3096 435 3178 Aug.
459 3093 631 3158 Mommsen
652 3112 682 3174 p.
711 3092 892 3175 14611111.
918 3093 1010 3158 robus
1035 3091 1112 3158 Cato
1135 3114 1207 3158 1.,1.

172 3205 222 3268 17.
259 3203 369 3267 melios
392 3185 487 3266 earm.
513 3199 568 3265 Sat
591 3201 690 3264 Varro
714 3199 734 3263 l.
761 3199 782 3262 l.
810 3199 951 3276 11111.

259 3311 303 3376 Ut
337 3308 597 3392 praetermittam,
634 3307 716 3387 quod
739 3327 763 3370 r.
788 3326 812 3370 r.
838 3309 914 3383 4,1.
949 3326 1029 3371 nuno
1062 3311 1145 3372 reete
1178 3308 1209 3370 in

168 3418 267 3494 Keilii
288 3417 422 3483 editione
443 3416 553 3480 melior
571 3415 754 3480 restitutum
775 3417 823 3478 est
846 3415 967 3498 (melior
983 3416 1020 3479 V.
1034 3414 1072 3479 A.
1097 3415 1209 3481 melius

167 3529 205 3593 R.
230 3526 329 3610 vict.)
363 3543 442 3606 quae
465 3524 607 3588 Dietzius
633 3523 784 3605 disputat,
822 3523 913 3604 plane
947 3541 1092 3604 perversa
1126 3526 1207 3587 sunt.

168 3638 276 3716 Neque
294 3633 375 3698 enim
400 3633 431 3697 in
454 3631 654 3696 nominativis
676 3630 765 3694 labos
787 3632 846 3694 eet.
870 3647 887 3698 s
911 3648 966 3712 per
987 3629 1208 3694 rhotaoismum

167 3745 199 3808 in
230 3745 432 3810 rmutatum
467 3744 524 3817 est,
561 3739 635 3819 quia
665 3738 747 3802 tales
770 3737 864 3821 leges,
903 3737 957 3816 qui
987 3737 1028 3800 ad
1066 3753 1209 3801 sonorum

168 3850 362 3916 mutationes
385 3849 551 3932 pertinent,
574 3865 693 3928 semper
716 3844 916 3923 vimhabent
942 3863 1039 3924 neque
1055 3843 1210 3908 interdum

173 3959 390 4044 negleguntur,
416 3956 476 4021 nisi
500 3956 602 4022 certae
626 3971 739 4018 causae
763 3953 880 4030 extant,
905 3952 958 4016 sed
990 3957 1156 4033 postquam
1179 3950 1210 4014 in

166 4066 294 4146 reliquis
327 4065 451 4130 casibus
480 4082 496 4133 s
528 4082 582 4145 per
616 4061 837 4126 rhotaeismum
858 4059 935 4124 inr
970 4060 1127 4124 mutatum
1150 4061 1207 4136 est,
