2972 4710
714 420 932 481 „96ss

303 608 486 692 positionem
511 627 581 674 oum
605 607 780 672 aecusativo
811 607 1005 672 coniunctam
1041 627 1117 685 esse,
1151 611 1204 674 ubi
1235 613 1346 694 potius

305 716 475 782 ablativum
499 719 650 799 expectes,
675 715 719 780 ita
743 718 794 793 21,
809 717 843 782 3:
876 727 953 797 cupa
974 735 1034 796 qua
1056 715 1110 780 fini
1134 717 1167 781 in
1190 719 1346 784 modiolos

306 825 376 890 erit.

392 916 444 992 88,
463 917 497 978 2:
526 931 595 980 eam
618 913 748 978 muriam
764 914 796 978 in
817 911 931 978 labella
954 911 1003 978 vel
1019 914 1050 978 in
1073 915 1196 996 patinas
1220 917 1251 980 in
1275 918 1345 983 sole
1463 955 1464 958 =

324 1025 418 1090 onito.

301 1046 322 1107 p
394 1150 430 1196 ao
464 1129 619 1211 vituperat
639 1128 786 1206 Keilium,
814 1127 895 1210 quod
919 1131 1005 1206 39,2
1029 1129 1155 1210 coquito
1171 1131 1203 1196 in
1219 1131 1344 1197 fornace

301 1239 387 1304 ibid:
406 1257 461 1321 por
483 1237 613 1302 imbrem
637 1236 669 1300 in
691 1236 768 1301 villa
792 1236 939 1318 quaerito.
979 1237 1085 1314 52,1;
1109 1238 1140 1302 in
1160 1239 1266 1302 arbore
1288 1259 1342 1304 re·
1464 1259 1465 1308 v

300 1346 432 1427 linquito
475 1343 695 1420 aoousativum,
742 1362 834 1425 quem
864 1343 1004 1425 plerique
1036 1344 1107 1408 libri
1140 1347 1342 1428 manosoripti
1464 1353 1465 1356 ’

302 1452 491 1531 ooofirment,
516 1453 547 1517 in
572 1451 742 1516 ablativum
765 1453 940 1518 mutaverit.
988 1451 1110 1518 Addere
1127 1455 1247 1536 poterat
1264 1457 1340 1532 156,

305 1563 335 1639 5,
362 1562 415 1626 ubi
438 1561 489 1639 ,in
521 1579 600 1640 aqua
618 1567 793 1626 maoerare“
828 1561 953 1626 exhibet
976 1560 1053 1636 AR,
1088 1561 1119 1625 in
1153 1581 1263 1643 aquam
1298 1563 1340 1641 V,

302 1669 449 1751 aquali.
496 1669 545 1732 Ex
566 1669 653 1747 loeis,
691 1687 767 1750 quos
799 1666 946 1734 Sobo'eod.
968 1689 998 1750 p.
1021 1670 1062 1733 31
1088 1687 1173 1750 sequ.
1210 1669 1340 1753 colligit,

302 1777 436 1842 efficitur
457 1776 716 1858 praepositionem
739 1777 782 1841 in
801 1794 870 1842 oum
893 1776 1066 1842 aoousativo
1098 1777 1239 1858 coniungi
1268 1779 1342 1860 post
1465 1763 1466 1846 Ϊ

299 1885 393 1950 verba
426 1903 502 1962 esse,
545 1883 714 1966 possidere,
750 1902 882 1961 manere,
915 1883 1036 1962 habere,
1071 1882 1186 1958 sedere,
1223 1905 1338 1969 gerere,

223 2027 225 2034 ·
302 1992 435 2073 denique
460 1991 551 2073 coqui
574 1989 657 2056 Coel.
681 2010 729 2074 op.
748 1990 827 2056 (rell.
852 1991 890 2068 X,
916 1994 967 2068 24,
984 1994 1018 2056 6:
1043 1990 1092 2055 die
1109 1992 1209 2071 quinti
1223 1993 1340 2058 Romae

299 2100 330 2164 in
355 2098 541 2182 Capitolium
566 2099 678 2164 eurabo
695 2098 754 2162 tibi
775 2117 850 2162 oena
870 2098 912 2162 sit
927 2099 1023 2162 oooto.
1070 2098 1223 2164 Videntur
1242 2100 1341 2184 igitur

298 2208 428 2272 Romani
440 2205 699 2289 praepositionem
720 2206 765 2270 in
789 2204 892 2287 aliquo
913 2206 1050 2287 tempore
1066 2224 1137 2270 oum
1152 2206 1337 2284 accusativo,
1466 2239 1467 2248 κ

298 2334 357 2379 non
381 2332 451 2379 oum
468 2312 640 2378 aoousativo
654 2313 684 2378 ei
708 2313 853 2390 ablativo,
879 2313 1060 2397 coniungere
1077 2313 1224 2396 coepisse,
1251 2314 1339 2380 ouius
1380 2353 1382 2356 -

174 2449 176 2456 ·
300 2440 376 2486 usus
405 2421 539 2504 vestigia
569 2420 687 2486 restant
715 2421 746 2484 in
769 2418 908 2486 formulis
942 2439 1031 2502 saepe
1067 2419 1224 2498 adhibitis
1262 2441 1339 2504 quas

298 2529 389 2593 modo
424 2528 654 2592 nominavimus.
726 2527 844 2607 Quibus
892 2528 1037 2611 exemplis
1076 2529 1200 2610 probari
1233 2530 1338 2610 potest

300 2636 502 2714 acausativus,
526 2653 617 2715 quem
640 2635 762 2700 Keilius
796 2637 885 2712 21,3
923 2635 955 2699 et
990 2637 1076 2712 88,2
1108 2635 1138 2699 in
1173 2636 1336 2700 verborum
1467 2643 1468 2676 ³

298 2742 434 2808 ordinem
458 2742 583 2825 reoepit,
620 2760 806 2824 quamquam
836 2741 885 2806 hio
921 2742 1006 2806 loeus
1043 2743 1199 2806 obseurior
1233 2744 1335 2809 estet

296 2850 427 2916 fortasse
451 2850 507 2916 tali
528 2849 711 2927 coniectura,
744 2849 866 2929 qualem
890 2849 1011 2914 Keilius
1032 2850 1200 2932 proposuit,
1231 2869 1334 2916 emen·

297 2956 423 3037 dandus,
482 2957 636 3038 Sequitur,
673 2962 710 3022 ut
745 2960 832 3035 39,2
868 2958 951 3022 reote
990 2957 1208 3035 accusativum,
1243 2977 1334 3040 quem

297 3065 417 3130 oodioes
440 3065 598 3148 praebent,
626 3083 702 3146 quos
721 3063 753 3128 in
776 3064 833 3129 hae
852 3064 1029 3144 quaestione
1053 3064 1130 3129 nihil
1146 3064 1209 3128 fene
1232 3065 1332 3129 valere

297 3173 406 3252 eluoet,
437 3173 469 3236 in
493 3173 660 3238 ablativum
695 3172 886 3250 mutaverit,
906 3190 976 3237 oum
1012 3172 1104 3236 verba
1137 3191 1267 3254 coquere
1301 3175 1333 3238 et

297 3300 441 3364 quaerere
465 3280 550 3344 nullo
573 3279 664 3344 modo
678 3299 747 3344 oum
771 3280 825 3358 eis,
846 3298 924 3360 quae
942 3299 1034 3362 supra
1050 3279 1221 3358 attulimus,
1248 3299 1328 3344 oom-

294 3388 400 3470 parari
420 3388 548 3470 possint.
595 3387 711 3452 Iniuria
742 3388 848 3451 eontra
872 3387 991 3451 Keilius
1025 3405 1093 3451 meo
1129 3386 1253 3468 quidem
1283 3387 1329 3452 iu·

296 3495 375 3560 dicio
401 3514 436 3558 ex
457 3495 559 3578 eapite
585 3495 657 3572 133,
688 3494 768 3574 quod
792 3493 940 3559 Sohoend.
965 3513 1025 3558 non
1056 3494 1170 3559 vidisse
1197 3495 1327 3572 videtur,

296 3604 328 3667 in
351 3602 450 3684 eapite
488 3606 529 3666 52
561 3621 680 3684 quoque
714 3601 884 3666 ablativum
919 3601 1081 3666 restistuit.
1129 3602 1329 3667 Aoousativus

296 3710 337 3790 ,in
362 3709 501 3774 arborem
517 3701 694 3790 relinquito‘
718 3710 841 3792 probari
856 3710 960 3791 potest
976 3710 1033 3774 hoo
1048 3710 1133 3774 loeo:
1157 3707 1188 3773 C.
1205 3710 1236 3774 J.
1254 3710 1287 3774 L.
1304 3710 1328 3787 l,

295 3819 369 3894 200,
385 3820 442 3881 ib:
460 3817 531 3899 quei
547 3835 653 3882 eorum
669 3817 700 3880 in
717 3815 903 3882 ameioitiam
918 3817 1026 3900 populi
1038 3817 1187 3882 Romanei
1210 3836 1329 3882 manse·

293 3925 375 3988 runt.
424 3923 512 4003 Quod
534 3924 656 3989 veroin
682 3924 782 4008 eapite
806 3925 867 3990 133
903 3943 1007 3988 omnes
1024 3924 1144 3990 oodioes
1160 3923 1328 3990 ablativum

294 4031 417 4109 habent,
452 4031 613 4114 signifieat,
651 4033 828 4113 eaput133
862 4050 928 4096 esse
963 4032 1166 4097 recentiorem
1200 4031 1329 4096 formam
