3018 4716
690 371 908 434 ..78-

284 561 400 627 Charis.
438 581 483 625 ex.
508 561 565 624 art.
604 579 733 644 grannn
757 581 787 643 p.
818 562 892 624 550.
916 559 955 624 Κ.
994 557 1154 623 confirmat
1187 558 1323 623 usitatas

288 688 356 734 esse
379 669 411 732 in
435 667 548 750 plurali
569 687 694 732 numero
713 666 814 732 nullas
829 667 942 730 formas
958 665 1078 748 praeter
1099 665 1328 730 nominativum

285 778 316 842 et
337 775 545 841 accusativum
569 793 648 851 aera,
674 773 728 838 sed
743 774 898 859 genitivus
912 792 1015 838 aerum
1041 773 1124 837 extat
1147 772 1203 853 frg.
1219 775 1271 848 66,
1290 775 1322 836 8.

281 884 403 948 dativus
439 881 560 947 aeribus
590 882 648 966 frg.
675 884 726 959 66,
742 883 771 946 9.
808 881 961 962 genitivus
988 880 1090 944 iurum
1124 879 1181 964 lrg.
1219 882 1322 964 30,1.

279 991 333 1073 qui
356 990 509 1075 genitivus
531 990 652 1072 praeter
675 989 755 1053 huno
777 989 877 1053 locum
908 1008 967 1053 non
987 987 1155 1060 ,invonitur
1176 987 1235 1050 nisi
1268 1006 1321 1070 ap.

279 1098 383 1163 Plaut.
409 1096 497 1179 Epid.
525 1098 581 1174 lll,
607 1099 637 1173 4,
653 1098 704 1160 87.

371 1203 550 1270 Genitivum
570 1203 699 1287 pluralis
721 1203 844 1285 quintae
869 1202 1081 1267 declinationis
1104 1203 1135 1265 in
1160 1201 1229 1265 aliis
1253 1201 1323 1264 fere

280 1312 422 1378 omnibus
445 1310 602 1377 vocabulis
637 1311 758 1393 praeter
786 1330 834 1375 res
871 1312 902 1374 et
937 1310 1001 1374 dies
1037 1309 1118 1392 apud
1153 1308 1322 1390 scriptores

281 1422 412 1485 Latinos
448 1418 576 1484 deiicere
609 1418 705 1482 Prisc.
729 1419 799 1496 Vll,
831 1421 883 1495 19,
908 1421 960 1482 95.
995 1438 1025 1500 p.
1052 1421 1115 1482 367
1152 1418 1320 1482 asseverat.

279 1530 349 1610 Ipse
372 1545 443 1593 vero
467 1527 599 1591 testatur
621 1524 767 1590 Catonem
789 1543 878 1589 usum
912 1544 977 1590 csse
1009 1526 1143 1609 genitivo
1170 1525 1320 1590 facierum

263 1635 323 1703 'ot
349 1635 407 1718 frg.
435 1637 487 1710 69,
503 1638 532 1697 6.
569 1633 697 1718 genitivi
728 1632 847 1698 dierum
879 1634 911 1698 st
932 1652 1034 1698 rerum
1058 1633 1179 1716 saepius
1214 1634 1321 1697 extant

281 1743 317 1806 55
340 1763 364 1806 r.
384 1763 407 1805 r.
436 1743 509 1819 2,1.
547 1740 664 1805 dierum
687 1760 712 1805 r.
737 1735 769 1804 r.'
787 1744 839 1818 23,
855 1743 884 1804 2.
922 1743 951 1818 2,
966 1742 995 1804 2.

370 1848 521 1914 Videmus
545 1847 640 1928 igitur
662 1847 693 1912 in
714 1848 762 1912 his
796 1847 954 1912 vocabulis
982 1848 1151 1929 permultas
1178 1848 1319 1930 proprie-

177 1955 179 1959 ’
280 1958 360 2022 55555
383 1956 506 2042 linguas
529 1955 669 2020 vetustae
692 1955 828 2032 Latinae,
856 1973 932 2036 quae
954 1955 1078 2039 linguae
1095 1955 1215 2040 vulgari
1239 1973 1319 2036 quo-

240 2073 244 2081 ·
281 2084 339 2146 que
363 2062 612 2152 accommodatae
635 2063 716 2140 suut,
749 2063 885 2127 servatas
916 2081 991 2140 esse,
1029 2062 1083 2127 sed
1115 2063 1229 2145 pariter
1266 2063 1318 2125 in-

280 2171 442 2237 veniuntur
460 2171 491 2234 in
515 2159 595 2256 sugg.
621 2170 713 2251 atque
736 2170 766 2233 in
791 2169 869 2234 libro
893 2169 930 2232 de
952 2190 1016 2254 agr.

373 2277 539 2361 Complura
559 2277 723 2342 vetustatis
743 2277 876 2360 vestigia
897 2296 988 2358 super
1013 2277 1084 2340 sunt
1106 2277 1137 2341 in
1158 2295 1317 2359 compara-

273 2376 372 2463 tione,
397 2384 451 2448 ubi
472 2385 632 2448 nonnullae
658 2384 773 2448 formae
795 2384 884 2465 plane
906 2383 1073 2448 insolentes
1098 2385 1210 2449 extant.

372 2493 482 2557 Festus
515 2492 594 2555 enim
624 2511 653 2572 p.
687 2494 748 2556 451
781 2490 857 2556 dicit
891 2491 1032 2573 antiquos
1067 2491 1318 2576 magnificissima

286 2600 398 2664 dixisse
432 2617 486 2682 pro
519 2597 823 2681 magnificentissima
857 2599 961 2680 itaque
996 2617 1065 2682 pag.
1093 2603 1155 2664 152
1186 2600 1314 2663 55155.

282 2706 474 2792 magnificius
508 2706 539 2770 et
567 2705 738 2770 munificior
760 2725 776 2769 e
802 2704 917 2770 Catone
941 2707 1017 2771 citat
1054 2707 1091 2770 cl.
1112 2707 1169 2791 irg.
1196 2707 1317 2784 7215.

281 2817 369 2892 66,4
396 2814 539 2894 idemque
562 2833 592 2895 p.
621 2816 683 2877 154
715 2812 939 2878 beneficissimo
971 2813 1027 2894 frg.
1053 2817 1105 2891 43,
1121 2817 1150 2878 3.
1197 2814 1319 2878 Pariter

283 2922 399 3006 regula,
426 2939 486 3002 qua
511 2919 548 2985 ab
571 2919 730 2984 adiectivis
753 2921 784 2984 in
809 2958 849 2967 -
862 2921 920 2999 ius,
948 2959 988 2967 —
1002 2940 1065 3000 eus,
1088 2959 1128 2968 -
1143 2941 1210 3000 uus,
1233 2940 1317 2986 corn-

282 3030 439 3110 parativns
481 3029 512 3092 et
547 3028 752 3108 superlativus
793 3027 916 3094 formari
951 3029 1101 3107 vetantur,
1138 3029 1316 3111 saepissime

281 3136 363 3218 apud
388 3134 533 3204 Catonem
560 3135 742 3218 neglegitur,
768 3154 837 3199 oum
862 3136 965 3200 utatur
993 3136 1115 3202 formis:
1142 3137 1317 3201 strenuissi-

282 3261 351 3306 mus
373 3243 431 3326 frg.
460 3245 553 3319 19,1.
580 3240 781 3306 arduissimus
803 3245 854 3320 38,
871 3246 900 3307 9.
933 3244 1186 3325 perpetuissimus
1210 3248 1263 3321 45,
1286 3249 1316 3308 7.

281 3349 437 3413 innoxiior
460 3349 516 3431 frg.
542 3349 662 3427 42,10.
696 3348 875 3414 industriicr
898 3349 955 3434 ing.
981 3353 1101 3428 55,12.
1139 3351 1317 3434 perpetuius

281 3455 339 3540 frg.
368 3459 420 3535 55,
435 3459 465 3519 3.
505 3456 631 3521 arduius
654 3456 711 3540 frg.
738 3458 789 3534 85,
805 3460 834 3520 6.
882 3456 940 3521 Η15
974 3459 1135 3540 permultis
1158 3458 1263 3523 formis
1286 3459 1316 3523 in

282 3563 362 3627 libro
384 3559 424 3627 'de
446 3582 509 3648 agr.
533 3563 606 3628 solo
633 3563 797 3646 respondet
831 3564 929 3628 forma
950 3565 1178 3631 strenuissimus
1213 3566 1317 3649 praef,

283 3670 365 3752 quod
389 3669 477 3735 valde
503 3670 666 3735 dolendum
698 3671 754 3748 est,
792 3671 863 3753 quia
900 3690 934 3736 ex
963 3671 1010 3736 his
1041 3673 1072 3738 et
1100 3674 1176 3755 ipsis
1212 3674 1318 3738 formis

284 3777 375 3842 facile
399 3778 541 3862 cognosci
564 3779 677 3860 posset,
703 3778 812 3842 utrum
834 3778 906 3842 libri
933 3778 1032 3844 forma
1056 3781 1187 3864 genuina
1218 3781 1259 3845 sit
1281 3801 1318 3846 55

283 3884 457 3949 retractata.
475 3885 589 3949 Mirum
603 3885 684 3950 certe
698 3885 753 3962 est,
769 3885 849 3966 quod
861 3886 1003 3951 ineadem
1015 3887 1202 3969 praefatione
1212 3907 1317 3970 super-

281 3992 395 4056 lativus
416 3992 583 4057 maxime
605 3992 696 4075 pius
710 3992 880 4071 exhibetur,
906 4011 1091 4075 quamquam
1108 3993 1214 4060 Charis
1227 3997 1251 4074 l,
1268 3999 1316 4075 16,
