3018 4716
578 467 797 531 „21-

167 652 274 718 contra
297 651 426 718 formam
450 656 480 718 in
500 673 579 718 -u
604 653 870 720 commendaverit.
897 654 990 738 (Gall,
1014 657 1068 735 IV,
1096 659 1146 735 14,
1162 659 1206 744 8.)

168 760 320 838 Quoniam
357 779 428 824 vero
465 759 580 824 formae
613 761 646 824 in
670 797 712 808 -
736 780 757 824 1
780 760 850 826 inde
882 781 900 826 a
936 763 1047 828 Lucilii
1083 763 1207 830 demum

166 867 361 948 temporibus
386 867 562 932 usitatiores
586 867 663 932 fiunt
684 866 827 952 (Corssen
847 869 887 946 11,
914 871 943 946 2,
970 871 1047 955 140)
1073 871 1104 936 11
1127 872 1208 954 apud

166 973 316 1038 Plautum
343 973 421 1038 tales
446 973 561 1038 formae
585 975 716 1040 maxime
739 976 865 1059 propter
886 977 1022 1042 metrum
1053 978 1208 1044 adhibitae

47 1153 49 1158 ,
167 1081 249 1158 1111,
281 1081 313 1144 in
338 1079 463 1146 Catonis
486 1081 573 1146 libris
595 1082 716 1146 tantum
741 1083 778 1147 de
801 1082 908 1148 formis
930 1084 961 1148 in
984 1123 1025 1131 —
1049 1085 1082 1150 ui
1111 1087 1142 1150 et
1165 1125 1206 1133 —

166 1187 218 1250 uei
243 1188 422 1273 exeuntibus
449 1189 554 1269 quaeri
578 1189 690 1270 potest,
716 1209 751 1254 ex
776 1190 887 1272 quibus
903 1211 972 1256 mea
994 1192 1118 1274 quidem
1136 1213 1207 1258 111-

166 1295 265 1360 tentia
284 1295 409 1378 propter
432 1315 479 1372 11,
519 1315 596 1378 quae
629 1316 721 1379 supra
756 1297 793 1362 de
827 1297 930 1364 dativo
965 1299 1076 1365 tertiae
1113 1299 1207 1366 decli-

166 1402 299 1466 nationis
312 1401 546 1484 disputavimus,
570 1403 696 1483 formae,
724 1423 801 1486 quae
827 1443 868 1452 —
890 1406 940 1471 uei
956 1407 1113 1472 vocalibus
1136 1427 1208 1473 con·

167 1508 344 1588 cluduntur,
367 1509 584 1592 praeferendae
607 1511 688 1574 sunt.

258 1616 346 1696 Quod
370 1636 441 1682 vero
466 1618 498 1681 in
529 1618 664 1702 genitivo
694 1619 824 1700 pluralis
855 1619 913 1703 frg.
940 1623 969 1698 9,
996 1624 1014 1684 7
1044 1611 1093 1704 ap.
1126 1621 1206 1688 11111.

166 1727 190 1802 Ι,
217 1727 265 1801 16,
291 1727 311 1788 4
335 1724 365 1790 in
398 1726 523 1807 optimis
555 1725 643 1790 codd.
679 1726 786 1810 Regio.
834 1726 978 1791 Rottend.
1016 1729 1115 1794 Vatia.
1154 1749 1209 1814 per

167 1832 323 1916 synizesin
347 1832 495 1914 scriptum
526 1835 573 1898 ost
593 1834 702 1898 mille
724 1853 901 1916 passum,
927 1853 998 1898 cum
1026 1836 1208 1902 recentiores

166 1927 289 2005 tantum
306 1938 392 2005 ccdd.
415 1938 578 2004 exhibeant
599 1959 788 2021 passuum
812 1940 861 2004 111
883 1959 1024 2022 passus
1047 1942 1208 2009 manifesto

167 2067 204 2112 ex
220 2047 340 2112 librarii
352 2047 537 2122 coniectura,
565 2067 751 2130 quamquam
768 2047 884 2112 usitata
899 2047 997 2114 forma
1009 2049 1040 2113 in
1063 2087 1103 2096 —
1121 2071 1206 2116 uum

167 2155 238 2231 enit,
274 2173 333 2220 non
362 2154 410 2218 est
443 2172 496 2217 cur
532 2138 641 2219 Catoni
681 2153 901 2232 abiudicemus‚
943 2156 1015 2236 quia
1052 2157 1208 2222 interdum

166 2262 266 2326 exitus
280 2298 320 2308 -
334 2281 423 2326 uum
448 2262 492 2326 ita
504 2262 678 2326 contractus
691 2261 772 2327 redit
787 2261 826 2326 cf.
845 2263 877 2328 N
879 2281 933 2327 111
947 2264 962 2329 Ι
975 2264 1050 2329 359.
1078 2262 1208 2330 Oorsson

165 2371 205 2448 11,
227 2373 251 2447 2,
279 2371 353 2436 708.
400 2369 570 2433 Buecheler
593 2389 623 2451 p.
648 2371 699 2434 84.
736 2369 819 2435 'Sine
844 2369 936 2435 dubio
960 2371 1035 2440 haec
1059 2372 1210 2454 scriptura

163 2477 290 2562 linguae
313 2476 450 2560 vulgaris
475 2477 759 2559 pronunciationem
784 2477 910 2554 indicat,
939 2477 968 2541 in
995 2498 1055 2561 qua
1084 2498 1205 2564 semper
1295 2485 1296 2490 ’
1330 2531 1334 2538 .

164 2583 290 2666 propter
312 2583 490 2648 celeriorem
513 2583 676 2648 verborum
705 2585 842 2650 tenorem
873 2584 984 2668 duplex
1016 2586 1088 2650 uin
1114 2607 1207 2671 unum
1289 2614 1292 2619 ’

166 2691 362 2756 contractum
385 2709 451 2755 osse
473 2710 655 2773 persuasum
679 2692 786 2757 habeo.
834 2692 998 2772 Nonnulla,
1026 2713 1103 2775 quae
1137 2714 1208 2778 per-

164 2800 266 2864 tinent
304 2797 343 2863 ad
375 2799 513 2880 quintam
546 2798 790 2878 declinationem,
840 2800 1045 2882 suspicionem
1085 2820 1208 2866 movere

163 2906 304 2989 possunt,
330 2905 462 2971 colorem
484 2905 582 2970 multo
606 2907 811 2989 antiquiorem
834 2907 978 2972 habuisse
995 2907 1120 2974 Catonis
1142 2927 1207 2974 sor-

163 3033 287 3078 monem
311 3033 403 3096 quam
417 3032 507 3094 quem
520 3032 575 3076 nos
597 3013 696 3078 adhuc
717 3014 920 3098 investigasse
943 3015 1031 3080 nobis
1054 3015 1204 3082 videmur.

163 3121 242 3186 (lum
267 3121 348 3186 enim
368 3139 467 3203 pauca
485 3120 540 3184 illa
564 3122 687 3202 quintae
705 3121 919 3187 declinationis
944 3123 1101 3200 vocabula,
1129 3144 1206 3208 quae

163 3229 194 3292 in
216 3228 297 3293 libro
321 3227 358 3292 de
382 3217 571 3312 agricultura
591 3229 744 3309 leguntur,
780 3229 992 3294 memorabilia
1023 3249 1082 3294 non
1116 3251 1205 3312 prae-

163 3337 265 3414 beant,
301 3336 333 3400 in
357 3335 537 3418 fragmentis
571 3335 655 3400 duae'
681 3336 797 3401 formae
831 3337 943 3414 extant,
981 3355 1059 3418 quae
1095 3338 1206 3423 dignae

163 3445 243 3521 sunt,
280 3463 358 3526 quae
383 3443 556 3514 accuratius
588 3443 806 3522 examinentur,
840 3443 984 3508 nimirum
1009 3443 1075 3509 dieo
1099 3465 1129 3527 p.
1154 3447 1206 3524 ab,

166 3554 206 3616 15
234 3551 363 3616 etiami
387 3572 418 3634 p.
445 3552 497 3629 56,
526 3557 540 3616 1
567 3552 693 3618 Jordan.
741 3553 786 3616 De
810 3551 910 3634 priore
944 3552 1039 3616 forma
1063 3552 1208 3632 Quintili-

162 3657 317 3737 1111111,
345 3663 375 3739 4,
399 3663 440 3724 31
466 3660 555 3724 dicit:

254 3766 398 3832 Ceterum
434 3769 633 3833 consonantes
668 3786 788 3850 quoque
833 3787 998 3850 earumque
1036 3768 1207 3852 praecipue,

163 3895 239 3958 quae
274 3876 345 3940 sunt
375 3875 555 3958 asperiores,
585 3876 615 3938 in
641 3875 842 3939 commissura
864 3876 1026 3942 verborum
1056 3877 1206 3955 rixantur,

161 3986 197 4050 ut
221 3984 248 4048 si
269 4001 286 4052 1
311 3983 423 4048 ultima
449 4002 557 4049 cumx
580 3982 718 4066 proxima
745 3983 898 4068 confligat,
935 4002 1064 4064 quarum
1090 3979 1209 4050 tristior
1331 3999 1334 4005 '

161 4094 263 4171 etiam,
289 4094 316 4160 si
341 4093 428 4158 binae
442 4091 635 4170 collidantur,
662 4091 775 4157 stridor
799 4093 894 4158 estut
919 4112 988 4170 „ars
1002 4091 1205 4160 studiorum.“
