2972 4710
567 440 810 504 -105-

123 645 127 656 '
154 629 196 694 ad
226 628 354 692 titulum
378 628 477 711 operis
493 628 594 693 Venii
610 628 712 694 Flacci
735 627 999 693 accommodatum
1015 627 1071 692 est.
1111 627 1196 708 Quae

154 755 345 820 quamquam
369 735 568 820 gravissimae
597 737 669 800 sunt
691 736 723 800 et
745 735 810 800 sine
832 735 895 798 ullo
926 725 1017 799 dubio
1054 735 1195 800 accurate

152 844 309 908 tractatae
332 843 415 907 viam
439 843 556 908 munire
579 843 719 926 possunt,
746 861 807 924 qua
831 841 1065 919 demonstretur,
1090 841 1194 906 utrum

152 951 188 1015 in
213 950 337 1016 Catonis
360 951 439 1015 libro
461 951 498 1015 de
522 969 586 1034 agr.
618 951 649 1013 in
680 951 782 1014 locum
813 949 952 1015 veterum
975 943 1218 1015 vocabulorum

155 1077 328 1143 synonyma
352 1077 429 1140 quae
443 1057 585 1123 dicuntur
607 1057 755 1122 sermonis
771 1057 882 1121 rationi
898 1057 1077 1122 recentioris
1093 1056 1193 1140 magis

152 1165 302 1248 adaptata
327 1166 496 1231 substitute
511 1166 572 1230 sint
585 1184 689 1243 neone,
713 1165 815 1228 tamen
831 1183 912 1229 nuno
928 1165 1097 1244 mittemus,
1123 1184 1192 1230 cum

153 1296 201 1354 ea,
220 1293 298 1356 quae
314 1274 377 1338 iam
393 1274 604 1351 tractavimus,
627 1273 702 1365 satis
719 1271 881 1337 ostendent
896 1274 1045 1338 sennonis
1060 1273 1193 1339 colorem

152 1385 312 1450 vetustum
334 1381 365 1445 in
399 1381 479 1447 libre
503 1381 540 1446 de
564 1401 628 1465 agr,
641 1363 813 1464 'permultis
836 1381 913 1446 locis
934 1381 1094 1463 expulsum
1113 1400 1190 1459 esse,

154 1490 302 1556 Verrium
326 1489 440 1568 autem,
466 1489 628 1571 quodiam
654 1489 754 1571 operis
770 1489 968 1572 inscriptione
993 1490 1024 1554 et
1040 1490 1105 1555 toto
1121 1509 1192 1573 pro·

154 1599 259 1682 posito
284 1598 316 1662 et
337 1596 521 1678 fragmentis
544 1616 579 1661 ex
603 1597 743 1661 omnibus
768 1595 943 1661 Catonianis
972 1597 1114 1679 operibus
1138 1598 1192 1662 de-

105 1770 111 1783 ,
153 1705 287 1788 sumptis
307 1703 475 1770 verisimile
499 1704 543 1781 fit,
568 1702 691 1768 (tatonis
714 1703 810 1767 libros
833 1703 922 1785 plane
945 1704 1113 1770 incolumes
1136 1723 1191 1770 nec

155 1813 319 1878 mutilatas
332 1814 387 1876 aut
397 1811 579 1876 retractatos
591 1811 621 1874 in
635 1810 776 1875 manibus
791 1811 944 1875 habuisse.
984 1813 1092 1893 Neque
1109 1814 1190 1877 enim

149 1921 240 1985 libris
277 1920 339 1984 iam
381 1920 413 1982 in
456 1919 658 1983 recentiorem
708 1918 837 1983 formam
879 1916 1011 1983 redactis
1058 1920 1190 1984 scribere

148 2027 273 2112 poterat
289 2028 335 2092 de
358 2027 540 2092 obscuris
557 2024 730 2090 Catonis.
756 2025 860 2107 Atbue
871 2026 1111 2108 proprietatibus
1125 2047 1189 2092 ser-

149 2135 252 2200 monis
269 2133 429 2199 Catoniani
445 2134 489 2198 eis
508 2133 544 2198 de
561 2134 670 2212 causis,
694 2152 770 2213 quas
791 2133 977 2198 Ribbeclrius
994 2133 1187 2215 significavit,

149 2242 345 2328 gravissimis
379 2242 424 2306 ita
460 2240 606 2318 collectis,
650 2241 682 2304 in
722 2240 840 2304 eertum
876 2240 1012 2304 ordinem
1045 2240 1187 2321 redactis,

150 2348 327 2414 hominibus
340 2349 438 2413 doctis
452 2349 587 2412 aetatum
600 2348 803 2430 posteriorum
813 2348 934 2412 traditis
947 2349 1077 2414 maxime
1093 2350 1188 2414 inter-

149 2458 226 2534 erat,
262 2457 298 2521 ut
329 2455 452 2521 Catonis
485 2475 585 2538 opera,
627 2475 704 2538 quae
738 2474 796 2519 non
833 2456 936 2520 minus
966 2457 1072 2541 gravia
1102 2458 1188 2522 erant

146 2563 276 2648 propter
299 2565 523 2648 argumentum,
550 2565 588 2628 ab
613 2565 657 2628 eis
672 2563 812 2648 intellegi
834 2565 968 2646 possent,
995 2566 1048 2646 qui
1063 2566 1187 2651 linguae

147 2671 383 2756 investigandae
407 2690 530 2754 operam
551 2690 611 2736 non
635 2671 802 2739 dedissent.
840 2671 951 2751 Quare
964 2692 1087 2738 necesse
1110 2676 1185 2755 erat,

147 2783 185 2844 ut
208 2779 322 2862 scripta
345 2778 471 2845 Catonis
495 2798 605 2844 novam
620 2781 737 2845 vestem
752 2780 922 2858 induerent,
945 2800 1022 2864 quae
1039 2787 1186 2852 sermonis

146 2887 251 2952 Latini
276 2887 360 2952 illius
385 2888 496 2952 aetatis
512 2888 624 2952 rationi
647 2889 878 2954 accommodata
897 2891 986 2954 esset.
1025 2893 1113 2958 Hane
1136 2915 1185 2960 re-

146 2995 363 3061 tractationem
398 2995 502 3078 paullo
536 2996 607 3077 post
642 2996 758 3062 editum
791 2999 892 3063 Verrii
926 2997 1055 3064 librum'
1073 3000 1186 3066 factam

147 3121 215 3167 esse
238 3103 404 3167 verisimile
434 3104 489 3182 est,
522 3103 653 3169 fortasse
684 3105 739 3170 ab.
758 3125 817 3171 uno
850 3125 885 3172 ex
917 3107 983 3172 eius
1015 3108 1183 3191 discipulis,

147 3227 225 3293 quos
249 3210 365 3275 multos
388 3211 530 3276 babebat.
578 3213 655 3276 Eam
678 3213 828 3291 fonnam'
850 3233 942 3295 quam
965 3215 1038 3280 libri
1060 3215 1184 3281 Catonis

145 3319 191 3384 ita
215 3319 299 3384 nacti
321 3320 400 3398 suot,
425 3320 459 3383 in
473 3319 554 3384 libro
577 3320 613 3384 de
631 3340 694 3404 agr.
718 3317 872 3403 plerisque
897 3322 974 3387 locis
995 3325 1067 3389 libri
1098 3345 1182 3405 mes,

146 3445 224 3508 quos
247 3445 303 3490 nos
326 3426 484 3506 habemus,
508 3428 665 3510 praebent,
691 3430 721 3493 in
737 3430 865 3511 reliquis
889 3431 1013 3514 seriptis
1037 3453 1081 3511 aa
1106 3454 1184 3516 quae
1255 3441 1258 3447 ’

145 3531 228 3617 apud
249 3533 386 3600 Gellium
411 3536 442 3599 et
464 3536 599 3600 Plinium
624 3537 798 3622 afferuntur.
846 3538 883 3602 of.
908 3539 943 3604 L.
968 3540 1094 3606 Miller.
1131 3541 1185 3606 der

145 3643 337 3708 satumisohe
384 3663 453 3709 vers
493 3645 554 3709 und
592 3645 676 3710 scine
706 3645 895 3714 denkmiiler.
927 3651 945 3732 ξ
980 3653 1031 3714 67,
1079 3651 1182 3733 Atque

143 3750 276 3816 mortem
313 3751 390 3814 obiit
420 3753 547 3816 Verrius
580 3753 703 3818 Tiberio
738 3755 921 3835 imperatore
957 3757 1115 3841 (le-37)
1147 3759 1184 3822 ut

144 3858 270 3926 Sueten.
291 3878 419 3941 gramm.
442 3863 480 3923 17
504 3862 616 3939 narrat,
658 3862 767 3926 aetatis
792 3863 924 3928 exactae.
972 3865 1021 3928 Ab
1039 3865 1182 3950 Augusto

141 3968 324 4051 praeceptor
347 3971 493 4051 nepotum
518 3968 634 4034 electus
663 3989 733 4034 oum
764 3971 904 4035 omnibus
935 3972 1094 4054 discipulis
1113 3974 1182 4038 suis

141 4077 176 4141 in
199 4073 378 4141 Palatinum
401 4077 641 4162 transmigravit.
689 4080 827 4161 Nepotes
850 4078 986 4164 Augusti
1010 4081 1088 4145 alter
1104 4100 1181 4148 anno
