2972 4710
683 430 903 494 *98—

277 621 327 700 sit,
342 621 476 689 dubitari
491 625 633 707 nequeat
656 641 776 705 semper
793 623 896 686 extant
908 622 1107 704 imperativus
1119 624 1170 688 vol
1182 625 1314 706 oportet,

250 749 347 800 .cum
385 731 577 812 grammatici
615 729 793 795 recentioris
829 730 870 794 sit
909 731 1099 796 enuntiatum
1128 732 1214 796 velut
1250 733 1317 809 „ibi

278 840 446 906 aminnium
469 841 569 904 maius
594 839 708 904 serito“
733 842 856 914 mutare
879 839 910 903 in
945 839 1000 916 ‚ini
1023 839 1192 904 aminnium
1215 841 1315 906 maius

276 948 415 1012 seratur‘.
463 947 548 1011 Idem
567 947 651 1011 color
673 947 720 1011 est
744 947 843 1030 capito
869 947 897 1023 7,
923 946 1010 1012 cuius
1027 947 1149 1012 initium
1166 947 1198 1012 et
1213 948 1315 1032 ipsum

277 1056 358 1137 apud
384 1056 553 1120 Varronem
575 1059 724 1120 seruatur.
770 1055 839 1131 Hoc
862 1056 955 1136 caput
973 1055 1018 1119 ita
1042 1074 1074 1120 se
1096 1056 1200 1133 habet,
1229 1058 1264 1121 ut
1286 1057 1316 1120 ei

211 1149 215 1156 ⁵
276 1163 395 1228 inlotus
426 1163 629 1240 nominentur,
678 1162 730 1245 qui
759 1163 790 1227 in
822 1161 915 1227 fundo
950 1163 1123 1227 suburbano
1163 1165 1312 1241 seruntur,

276 1270 384 1336 deinde
406 1272 571 1353 unicuique
591 1270 707 1335 fructui
731 1269 870 1347 addatur,
902 1289 962 1351 qno
985 1270 1076 1335 modo
1100 1271 1216 1354 optime
1241 1290 1312 1338 oon-

276 1379 388 1443 diatur.
421 1379 458 1443 cf.
483 1379 579 1443 vitem
600 1379 623 1460 †
647 1378 834 1460 compuleris
857 1397 898 1442 so.
923 1379 1041 1442 conseri
1064 1379 1194 1460 oportet.
1236 1398 1312 1444 uvae

277 1523 318 1534 —-
332 1485 513 1550 conduntur.
550 1504 695 1567 poma-
709 1485 885 1562 sementiva,
907 1485 982 1550 haec
1006 1485 1161 1551 conditiva
1185 1487 1216 1550 in
1240 1505 1313 1570 sapa

275 1595 355 1658 bona
378 1594 476 1658 erunt.
495 1593 636 1657 —oleas
660 1593 771 1658 orcites
787 1593 905 1675 posias:
927 1612 980 1658 eae
1003 1593 1118 1674 optime
1142 1594 1327 1674 conduntur

277 1702 335 1766 cet.
383 1701 500 1765 Deinde
526 1700 665 1765 additur:
687 1703 776 1766 sorba
799 1702 831 1764 in
850 1719 924 1783 sapa
948 1699 1078 1766 condere
1108 1701 1160 1766 vel
1184 1703 1310 1767 siccare:

276 1808 362 1873 arida
384 1808 487 1886 facias,
513 1809 588 1873 item
600 1809 668 1891 pira
689 1808 815 1886 facias“,
842 1827 1026 1889 quamquam
1040 1809 1129 1873 antea
1142 1807 1179 1873 de
1196 1809 1310 1874 satione

278 1917 361 1981 sorbi
385 1917 461 1980 nihil
486 1917 602 1982 dictum
626 1917 681 1994 est,
720 1936 779 1999 quo
807 1916 884 1981 hacc
909 1917 1011 1994 uerba,
1048 1935 1117 1980 oum
1151 1918 1311 1982 carbonum

203 2004 207 2011 ⁹
277 2042 387 2089 nexum
410 2025 642 2106 interrumpunt,
668 2025 837 2106 suspiciosa
859 2025 946 2089 fiunt.
994 2024 1097 2106 Atque
1116 2044 1223 2089 revers
1246 2044 1311 2090 esso

275 2132 503 2214 interpolatoris
524 2132 594 2197 inde
619 2131 760 2210 efficitur,
799 2131 880 2214 quod
909 2131 1045 2197 secunda
1078 2150 1208 2213 persona
1239 2151 1311 2197 con-

275 2240 402 2304 iunctivi
425 2240 492 2304 loco
508 2240 685 2322 imperativi
698 2239 868 2304 adhibetur.
917 2238 1005 2304 Adde
1020 2238 1208 2305 infinitivum
1220 2240 1311 2305 sorba

274 2348 306 2410 in
331 2367 405 2430 sapa
428 2347 556 2413 condere
580 2347 629 2413 vel
645 2349 767 2426 siccare,
793 2349 845 2428 qui
862 2347 1069 2413 dissolutioris
1086 2347 1234 2413 sermonis
1255 2348 1310 2425 est

274 2455 328 2520 sed
352 2453 460 2519 Catoni
484 2455 730 2521 abiudicandunr.
1236 2528 1239 2532 ,

364 2562 411 2626 Ac
433 2563 536 2627 nescio
560 2582 598 2628 an
621 2564 796 2645 proximum
820 2581 939 2644 quoque
968 2563 1062 2645 caput
1083 2563 1311 2644 interpolatoris

215 2703 220 2716 ·
274 2688 398 2734 manum
432 2689 558 2752 passum
596 2671 646 2734 sit.
693 2671 820 2735 Initium
844 2670 932 2753 plane
955 2689 1024 2735 curn
1055 2670 1207 2752 prioribus
1240 2689 1310 2734 ccu-

274 2777 392 2861 sent't„
410 2778 464 2842 sed
486 2777 560 2857 quid
584 2777 643 2842 sibi
665 2778 734 2843 vult
756 2779 787 2842 iu
808 2778 865 2843 hoc
888 2778 1050 2843 verborum
1066 2797 1148 2843 nexu
1164 2779 1309 2859 pratum?

273 2886 417 2950 Fortasse
456 2885 521 2949 eius
564 2886 811 2950 commemoratio
854 2905 890 2950 ex
921 2886 982 2950 alio
1020 2886 1087 2950 loco
1132 2885 1208 2952 falso
1252 2885 1311 2948 huc

277 2991 378 3056 delata
399 2993 455 3057 ost.
492 2991 609 3056 Deinde
632 2993 773 3074 proxima
788 2993 882 3058 verba
904 2993 976 3057 aliis
993 2992 1029 3057 de
1043 2993 1142 3057 causis
1161 3011 1311 3057 summam

279 3100 484 3181 suspicionem
507 3118 629 3164 movere
659 3101 767 3182 postea
801 3100 982 3180 videbimus,
1016 3100 1066 3164 hic
1099 3100 1221 3165 tantum
1252 3100 1310 3164 irn-

275 3207 406 3288 peratisi
428 3207 496 3271 loco
527 3209 662 3290 positum
685 3227 751 3273 esse
787 3209 890 3286 ‚facito
927 3209 973 3273 uti
1009 3209 1159 3274 serantur‘
1194 3227 1309 3274 moneo.

275 3316 311 3378 In
336 3314 492 3380 enuntiato
516 3316 654 3399 proximo
681 3316 786 3380 contra
801 3317 927 3400 propter
942 3317 1106 3381 relativum
1129 3317 1183 3397 qui
1199 3355 1240 3363 -
1256 3317 1310 3380 ha·

276 3422 371 3500 nebit,
396 3423 489 3487 tertia
513 3442 641 3506 persona
663 3425 848 3490 coniunctivi
872 3425 955 3489 recte
978 3444 1010 3489 se
1034 3426 1136 3490 habet.

297 3591 301 3600 ,
365 3529 465 3612 Caput
486 3532 506 3594 9
530 3531 612 3610 quod
634 3531 746 3595 attinet
776 3531 815 3595 ad
847 3552 1015 3597 sermonem
1045 3533 1210 3618 genuinum
1246 3551 1310 3597 esse

275 3636 406 3714 videtur,
447 3657 515 3701 cum
541 3638 613 3702 huic
635 3639 737 3721 capiti,
771 3638 858 3722 ,quod
890 3641 1100 3706 verisimiliter
1134 3640 1310 3705 mutilatum

275 3765 341 3810 esse
377 3744 457 3810 inira
497 3765 723 3830 cognoscemus,
760 3748 889 3814 fortasse
921 3751 1085 3816 tribuenda
1119 3749 1181 3814 sint
1205 3749 1310 3814 uerba:

274 3853 396 3935 pratum
422 3893 463 3900 —
489 3855 684 3919 summittite.
930 3843 933 3850 ’

365 3959 475 4044 Capita
498 3962 646 4026 X-XlX
669 3962 783 4045 optime
809 3963 852 4026 eis
874 3964 990 4048 regulis
1013 3963 1207 4046 respondent,
1234 3979 1310 4043 quae

193 4073 197 4082 '
276 4086 314 4131 ex
337 4069 437 4150 capite
453 4070 497 4134 VI
522 4069 696 4135 efficiuntur
715 4091 751 4134 ac
766 4071 899 4135 maxime
921 4071 1134 4137 conferendum
1152 4072 1200 4136 est
1220 4071 1311 4154 caput
