2972 4710
573 1607 632 1700 V
657 1604 726 1698 i‘t
761 1633 812 1700 a.

267 1830 368 1895 Natus
393 1849 461 1894 sum
480 1829 635 1895 lohannes
656 1831 772 1895 Paulus
796 1831 904 1900 Weise,
930 1832 1007 1915 prid.
1035 1833 1105 1898 Kal.
1135 1835 1209 1899 Mai.

178 1943 262 2004 1861
294 1941 325 2004 in
353 1939 427 2004 urbe
452 1939 586 2031 Barmen
616 1939 702 2020 patre
729 1938 882 2004 l’rideriee
918 1938 1082 2020 Guilelme‚
1120 1961 1211 2023 quem

176 2049 245 2113 ante
272 2047 329 2112 hos
356 2046 547 2128 undeviginti
574 2064 666 2110 annes
695 2047 793 2110 morte
829 2045 906 2110 mihi
936 2048 1075 2130 ereptum
1111 2047 1208 2127 deleo,

174 2156 273 2220 matre
296 2156 406 2219 Emma
426 2173 444 2218 e
468 2155 558 2238 gente
588 2155 689 2218 Kruse
720 2151 962 2230 Stralsundiana,
991 2173 1083 2234 quam
1103 2155 1211 2221 ‘adhue

114 2277 115 2280 ’
146 2260 148 2265 ’
175 2264 277 2328 vivam
318 2261 394 2328 0010.
464 2259 615 2326 Addictus
648 2279 725 2325 sum·
750 2260 823 2325 fidei
865 2261 1068 2345 evangelicae.
1122 2263 1210 2326 Anne

177 2373 263 2437 1864
282 2370 381 2453 pater
396 2367 514 2432 Oellam
545 2368 785 2452 transmigrarit,
817 2368 871 2432 ubi
896 2387 994 2450 usque
1031 2369 1068 2433 ad
1100 2389 1211 2434 annum

174 2480 255 2544 vitae
281 2477 434 2542 deeimum
452 2477 483 2540 in
504 2476 579 2541 ludo
602 2477 762 2540 literarum
786 2477 954 2542 elementis.
968 2476 1107 2541 imbutus
1132 2496 1208 2542 anne

177 2589 259 2652 1871
281 2586 312 2649 in
337 2584 537 2669 Gymnasium
560 2584 700 2666 receptus
724 2603 792 2648 sum
815 2583 963 2649 Cellense„
1011 2584 1099 2648 Anno
1126 2586 1211 2650 1880

177 2692 367 2758 maturitatis
404 2678 484 2773 quod
522 2690 635 2755 dieitur
669 2691 845 2756 testimonie
891 2691 1030 2756 munitus
1064 2691 1095 2755 in
1130 2677 1212 2761 alma

176 2795 337 2865 literarum
373 2797 444 2863 sede
479 2798 633 2881 Lipsiensi
666 2798 784 2863 nivibus
817 2797 998 2863 aeademieis
1038 2797 1211 2881 adscriptus

175 2908 293 2972 rectore
316 2905 479 2988 magnifiee
504 2904 660 2976 Ludevieo
684 2906 802 2988 Langia
830 2906 971 2987 idemque
994 2905 1025 2969 in
1049 2905 1211 2988 legionem,

178 3034 255 3096 quae
272 3014 316 3078 ibi
329 3014 442 3078 stativa
456 3012 560 3088 habet,
587 3013 622 3076 ut
635 3013 787 3095 stipendia
807 3032 949 3090 mererer,
972 3016 1115 3095 receptus
1132 3031 1210 3078 sum.

175 3123 300 3203 lipsiae
330 3140 386 3203 per
415 3122 561 3202 quattuor
592 3120 753 3185 semestria
775 3120 901 3185 interfui
933 3119 1045 3185 sehelis
1078 3121 1212 3185 virorum

176 3229 456 3294 illustrissimorum
501 3226 608 3306 Curtii,
656 3228 826 3307 Ribbeekii‚
870 3218 977 3310 Lipsii,
1032 3229 1210 3312 Brugmani

178 3335 326 3414 Zarnekii‚
364 3335 503 3413 alierum,
533 3334 616 3399 idem
639 3354 694 3418 per
727 3336 787 3400 tria
809 3330 969 3400 semestris
998 3335 1213 3417 proseminarii

176 3421 263 3526 regii,
285 3441 366 3525 quod
385 3442 483 3525 lipsii
504 3442 649 3524 auspiciis
675 3441 772 3520 lieret,
806 3445 839 3505 et
868 3460 922 3524 per
946 3460 1042 3506 unum
1066 3441 1212 3506 semestre

181 3550 337 3615 serietatis
362 3549 496 3615 Graecae
516 3549 614 3631 Lipsii
633 3548 755 3613 sodalis.
803 3547 986 3632 Gottingam
1012 3548 1120 3612 deinde
1139 3567 1211 3631 pro·
1263 3585 1267 3596 ·

177 3657 274 3722 100103
306 3676 360 3739 per
395 3657 457 3720 tria
490 3656 650 3721 semestris
682 3655 873 3738 frequentari
908 3655 1026 3721 seholas
1061 3655 1131 3719 virr.
1165 3655 1210 3719 ill.

179 3764 315 3848 Sauppii,
341 3763 489 3848 Diltheyi
512 3764 664 3843 Muelleri‚
689 3763 923 3844 Volquardseni
949 3763 1129 3839 Burmanni,
1156 3741 1211 3844 per

176 3871 259 3935 idem
282 3872 405 3954 tempus
430 3871 584 3935 seminarii
607 3871 685 3954 regii
700 3869 926 3954 philologemm
950 3872 981 3934 et
1003 3889 1057 3952 per
1086 3868 1145 3933 dun
1162 3889 1210 3933 se-

66 4022 72 4032 ·
177 3979 305 4043 mestria
325 3978 482 4042 societatis
505 3978 703 4044 Germanicae
727 3977 871 4042 Muelleri
894 3977 1007 4042 sodalis
1032 3975 1209 4042 ordinarius.
1261 3985 1265 4007 ¹

179 4084 329 4150 Omnibus
352 4086 400 4149 his
422 4086 496 4150 viris
520 4086 637 4169 gratias
661 4085 759 4150 habeo
783 4104 874 4166 quam
899 4085 1059 4148 maximas
