2972 4710
711 424 952 530 -106---Ι

318 612 643 691 20,a1terann017
677 613 747 678 aute
777 611 933 676 Christum
966 614 1031 678 nati
1065 612 1145 677 suut.
1194 611 1228 678 si
1263 611 1377 694 igitm·

321 720 404 786 recte
425 719 567 802 ponimus
599 719 742 783 Verrium
772 719 834 783 iam
865 719 1020 784 hominem
1048 718 1172 785 doctum
1203 720 1360 786 illustrem
1459 749 1460 824 p

318 829 350 894 et
368 827 569 911 praeclarum,
594 827 646 907 qui
668 826 731 890 iam
748 827 854 911 gravia
883 826 1030 909 opuscula
1045 826 1191 905 ediderat,
1217 846 1252 892 eo
1278 829 1360 893 tem-
1459 829 1460 900 I

317 953 391 1020 pore
414 934 520 1011 fuisse,
547 951 606 1016 quo
631 934 669 998 ab
694 932 837 1016 Augusto
860 937 1041 1016 praeceptor
1065 933 1181 998 alectus
1205 935 1262 1012 est,
1286 953 1360 1000 con-

319 1041 504 1107 cludendum
522 1043 578 1120 est,
604 1060 674 1106 eum
692 1059 768 1124 opus
785 1060 873 1105 suum
890 1041 996 1123 paucis
1012 1041 1098 1106 aunis
1113 1042 1182 1107 ante
1200 1040 1361 1122 Christum

318 1149 546 1232 conscripsisse.
595 1147 678 1212 Infra
713 1147 873 1213 ostendere
904 1148 1089 1224 conabimur,
1124 1149 1260 1214 Plinium
1295 1149 1360 1214 fere

318 1276 386 1322 eam
406 1256 478 1321 libri
506 1256 543 1322 de
575 1255 763 1337 agricultura
795 1255 924 1320 formam
963 1258 995 1320 in
1031 1256 1175 1320 manibus
1198 1256 1356 1334 habuisse,
1460 1305 1461 1330 ,

318 1383 411 1447 quam
434 1383 489 1428 nos
511 1361 716 1446 possidemus,
743 1349 843 1445 quare
860 1381 930 1428 cum
946 1362 1106 1428 historiam
1128 1366 1360 1428 1111111111-
1460 1333 1461 1398 7

317 1473 379 1536 1111
406 1490 482 1537 auno
507 1476 548 1536 77
572 1473 643 1555 post
666 1470 822 1536 Christum
843 1471 950 1536 natum
978 1471 1049 1536 Tito
1080 1471 1276 1549 dedicaverit,
1307 1491 1359 1540 re-

319 1578 964 1645 1111111111111111111111111111111
998 1597 1122 1644 necesse
1159 1579 1215 1644 est.
1262 1579 1359 1644 Recte

317 1687 415 1768 igitur
439 1685 576 1752 dicamus
600 1685 724 1752 Catonis
758 1686 854 1751 libros
881 1703 939 1750 111
973 1687 1071 1751 multo
1094 1686 1166 1768 post
1201 1685 1360 1752 Christum

317 1794 428 1859 natum
460 1793 596 1878 Augusti
626 1795 675 1860 vel
706 1793 823 1859 'liberii
858 1793 958 1858 111111
993 1794 1024 1858 in
1057 1812 1134 1871 eam,
1175 1813 1266 1876 quam
1303 1813 1359 1858 uos

317 1902 476 1980 habemns,
510 1900 640 1967 formam
673 1900 814 1966 redactos
850 1919 927 1978 esse,
956 1901 1001 1966 ita
1026 1900 1161 1983 quidem,
1198 1902 1234 1967 ut
1267 1900 1359 1966 hodie

322 2027 442 2092 quoque
482 2009 661 2091 saepissime
693 2008 766 2072 libri
802 2007 976 2072 Germanici
1010 2007 1113 2072 media
1155 2007 1256 2073 aetate
1289 2027 1360 2072 con=

322 2116 430 2199 scripti
452 2117 615 2182 recentiori
630 2115 754 2200 linguae
778 2116 872 2180 colori
896 2114 1172 2193 accommodantur,
1195 2115 1230 2179 ut
1254 2115 1358 2180 ortho-

321 2224 450 2309 graphia
474 2225 505 2289 et
533 2224 681 2290 flexiones
701 2207 849 2289 ¹vetustae
882 2223 1048 2301 mutentur,
1084 2223 1220 2306 syntaxis
1251 2224 1359 2305 paucis

327 2332 446 2397 tautum
470 2332 547 2397 locis
570 2332 716 2409 mutetur,
753 2332 824 2413 qnia
843 2331 1005 2397 verborum
1034 2349 1131 2395 nexus
1157 2330 1250 2396 etiam
1281 2351 1362 2396 nuuc

323 2438 463 2522 intellegi
475 2439 579 2522 potest
595 2439 632 2504 cf.
651 2438 813 2504 Simroclrii
825 2439 995 2504 versionem
1009 2437 1152 2502 carminis
1163 2438 1358 2523 Nibelungo-
1462 2435 1463 2440 ’

318 2567 396 2625 rum,
424 2547 494 2612 alia.
545 2546 789 2612 Consentaneum
822 2548 870 2611 est
898 2546 994 2610 libros
1026 2545 1224 2612 Germanicos
1258 2548 1357 2612 multo

319 2656 451 2720 maiores
474 2654 661 2720 mutationes
685 2655 796 2732 subire,
821 2655 893 2736 quia
917 2653 1130 2738 discrepantia,
1163 2651 1356 2737 1111111111-

320 2767 370 2828 111
389 2762 469 2826 inter
493 2761 632 2848 linguam
656 2761 879 2826 Germanorum
901 2760 1019 2826 mediae
1036 2762 1147 2826 aetatis
1169 2764 1200 2827 et
1222 2764 1354 2842 nostrae,

318 2870 418 2934 multo
443 2869 540 2934 maior
564 2868 612 2934 est
635 2879 727 2950 qnam
749 2889 793 2947 ea,
831 2888 908 2949 quae
940 2869 1077 2948 interest,
1110 2869 1191 2934 iuter
1218 2871 1356 2956 linguam

320 2977 463 3042 Latinam
487 2975 612 3042 Catonis
637 2978 668 3042 et
690 2977 909 3059 imperatorum
933 2975 1053 3042 aetatis.
1100 2977 1181 3043 Nam
1206 2978 1268 3043 alia
1291 2979 1355 3043 dia-

264 3105 266 3109 ·
320 3086 402 3150 lecto
423 3085 532 3168 poetae
569 3086 686 3150 veteres
710 3085 855 3156 Carmani
887 3085 1023 3162 utuntur,
1058 3086 1120 3151 alia
1142 3103 1206 3164 uos,
1241 3086 1355 3152 Rornae

321 3212 393 3258 uero
419 3193 556 3258 diversae
580 3192 706 3258 dialecti
728 3211 787 3258 uon
812 3193 967 3271 extabant,
993 3193 1047 3258 sed
1070 3193 1176 3258 eadem
1194 3194 1356 3276 paullatim

318 3300 438 3366 mutata
463 3301 495 3364 et
516 3301 643 3385 politior
665 3301 747 3366 facta
771 3303 827 3366 est.
874 3302 1049 3367 Verisimile
1073 3301 1168 3383 igitur
1189 3303 1236 3367 est
1252 3302 1354 3384 paullo

319 3411 391 3493 post
426 3408 581 3474 Christum
618 3411 724 3476 uatum
759 3428 794 3474 ex
822 3409 1021 3492 scriptoribus
1053 3411 1097 3474 rei
1129 3410 1271 3487 rusticae,
1305 3411 1357 3490 qni

319 3522 410 3582 antea
456 3518 636 3602 viguerunt,
684 3519 882 3610 gravissimos
927 3517 1074 3583 Catonem
1111 3521 1143 3582 et
1188 3519 1356 3584 Varronem

282 3634 286 3644 ‘
319 3626 433 3691 electos
456 3630 488 3691 et
510 3627 544 3690 iu
566 3646 656 3690 usum
680 3625 884 3711 agricolarum
907 3626 939 3690 in
963 3647 1057 3691 unum
1081 3645 1190 3709 corpus
1214 3627 1356 3693 redactos

319 3753 396 3812 esse,
415 3735 501 3799 ouius
519 3735 666 3800 sermonis
689 3735 772 3799 oolor
787 3733 872 3798 illius
890 3735 1002 3800 aetatis
1015 3735 1128 3800 rationi
1140 3734 1354 3816 adoptabatur.

317 3841 400 3906 Huic
426 3842 545 3924 corpori
560 3846 669 3924 postea
681 3840 852 3906 Columella
871 3840 995 3906 additus
1011 3846 1068 3920 est,
1093 3842 1187 3906 etiam
1202 3843 1356 3924 posterius

319 3949 487 4032 Gargilius.
529 3950 596 4014 Hoc
611 3968 721 4031 corpus
742 3950 926 4032 scriptorum
950 3950 995 4015 rei
1011 3950 1143 4015 rusticae
1160 3949 1199 4014 ad
1218 3953 1354 4015 nostrum

319 4062 442 4143 tempus
463 4063 668 4144 propagatum
692 4062 750 4137 est,
773 4063 988 4141 praeterquam
1014 4059 1095 4140 quod
1117 4057 1248 4143 Gargilii
1271 4058 1355 4122 Mar-
