3018 4716
281 1597 415 1712 Catonis
448 1641 528 1708 liber
561 1639 598 1708 de
634 1640 840 1727 agricultura
862 1641 1029 1726 postquam
1064 1639 1096 1706 in
1140 1642 1237 1708 Keilii

193 1762 329 1826 editione
349 1779 460 1824 novam
483 1759 572 1841 quasi
588 1759 705 1823 vestem
730 1758 840 1836 induit,
866 1777 976 1841 operae
993 1758 1128 1842 pretium
1148 1758 1236 1823 vide-

191 1872 243 1933 tur
279 1868 499 1952 quaestionem,
536 1867 585 1931 oui
607 1867 669 1930 ianr
692 1867 785 1930 multi
812 1863 951 1931 homines
992 1866 1075 1930 docti
1112 1885 1237 1949 operam

195 1976 354 2055 dederunt,
364 1995 443 2052 oum,
459 1974 532 2058 quin
548 1974 648 2038 multa
664 1973 742 2038 falsa
756 1973 928 2051 statuerint,
943 1973 1078 2038 dubitari
1094 1975 1236 2057 nequeat,

191 2085 305 2149 iterum
326 2084 469 2160 tractare,
496 2083 599 2146 utrum
616 2080 741 2146 Catonis
764 2081 841 2146 libri·
862 2081 898 2146 de
922 2081 1112 2166 agricultura
1127 2081 1236 2161 forma,

193 2212 285 2275 quam
312 2210 368 2256 nos
394 2190 553 2267 habemus,
578 2190 710 2274 genuina
733 2190 764 2254 et
787 2189 884 2267 easit,
910 2189 941 2252 in
966 2209 1058 2272 quarn
1083 2209 1101 2254 a
1123 2188 1240 2254 Catone

191 2299 258 2382 ipso
280 2298 424 2364 redactus
453 2297 509 2374 est,
535 2315 591 2362 nec
616 2316 662 2360 ne.
698 2295 756 2360 Oui
785 2297 957 2379 quaestioni
982 2295 1081 2361 adhue
1114 2316 1238 2380 operam

192 2406 358 2482 dederunt:
391 2404 565 2470 Pontedera
593 2405 625 2469 et
648 2405 760 2469 Harles
785 2405 822 2468 of.
849 2405 1013 2488 scriptores
1036 2405 1081 2469 roi
1105 2405 1239 2469 rusticae

193 2514 239 2578 ed.
264 2512 431 2578 Schneider
454 2513 528 2577 tom.
556 2513 579 2577 Ι.
604 2512 683 2594 part.
709 2513 733 2576 Ι.
780 2513 810 2577 J.
836 2512 881 2576 M.
907 2512 1049 2591 Gessner‚
1073 2513 1239 2595 scriptores

190 2621 394 2702 Ι777111777777,
419 2619 467 2686 ed.
484 2619 515 2683 ΙΙ
537 2619 660 2702 Lipsiae
676 2619 773 2698 1773,
794 2621 868 2684 torn.
892 2621 916 2698 1,
936 2621 1032 2703 praef.
1050 2640 1079 2702 p.
1103 2625 1116 2682 1
1134 2638 1239 2702 sequ.;

192 2727 278 2812 cujus
312 2726 497 2792 sententiam
521 2726 619 2790 secuti
643 2727 732 2791 sunta
766 2711 983 2792 'Schneiderus
1009 2726 1173 2809 scriptores
1195 2726 1239 2790 rei

194 2837 270 2900 rust.
319 2835 343 2912 Ι,
371 2837 390 2898 2
415 2854 445 2916 p.
474 2837 493 2897 6
518 2852 603 2916 sequ.
624 2834 628 2842 “
652 2833 682 2898 J.
708 2831 740 2897 C.
766 2834 859 2912 naor,
892 2832 964 2898 hist.
986 2835 1083 2898 litter.
1108 2834 1197 2898 Rom.
1214 2837 1237 2912 ²,

192 2963 221 3024 p.
249 2943 323 3006 701.
372 2941 409 3006 G.
435 2940 622 3024 Bernhardy.
662 2940 802 3005 adumbr.
839 2941 955 3007 literat.
979 2942 1068 3018 Rom,
1106 2962 1136 3023 p.
1162 2942 1238 3005 322.

282 3047 475 3114 Rotraotavit
522 3047 633 3113 deindo
674 3067 740 3112 rem
786 3047 901 3112 iudicio
943 3067 1003 3112 non
1041 3048 1238 3131 interposito:

192 3157 222 3222 J.
267 3157 308 3221 H.
349 3175 407 3220 van
454 3155 593 3233 Bolhuis‚
655 3155 786 3219 diatribe
847 3156 1000 3219 litteraria
1045 3156 1076 3218 in
1116 3153 1240 3219 Catonis

195 3264 309 3347 scripta
331 3264 362 3328 et
385 3263 566 3344 fragmenta.
614 3263 750 3327 Traiecti
781 3263 828 3327 ad.
855 3263 951 3327 Rhen.
1001 3263 1087 3327 1826
1116 3283 1146 3344 p.
1175 3266 1238 3327 176

193 3371 280 3437 euius
316 3371 459 3435 libelluin
491 3370 627 3435 nancisci
658 3389 716 3434 non
751 3371 900 3453 poteram,
939 3370 993 3434 sod
1022 3371 1103 3434 teste
1135 3370 1240 3434 Keilio

192 3479 272 3544 obss.
301 3479 368 3543 orit.
394 3479 426 3542 in
450 3476 517 3542 eat.
544 3479 575 3542 77
598 3479 687 3543 Varr.
712 3499 744 3560 p.
764 3481 806 3542 66
840 3478 876 3544 de
902 3478 1032 3542 veritate
1070 3478 1239 3542 sententiaa

192 3585 416 3652 Gessnerianae
443 3584 600 3650 dubitasse
625 3604 683 3650 non
708 3585 840 3651 videtur.
896 3585 979 3665 Quos
1011 3603 1116 3650 ornnes
1146 3585 1240 3650 vehe-

192 3693 387 3759 mentissime
406 3693 569 3776 impugnat
591 3693 751 3757 17171777.
799 3694 898 3758 annal.
919 3693 994 3776 phil.
1014 3693 1044 3758 et
1067 3693 1238 3778 paedagog.

191 3821 263 3866 nov.
291 3801 444 3882 supplem.
468 3800 496 3862 X
521 3800 560 3882 (a.
591 3800 689 3884 1844)
721 3820 751 3882 p.
778 3803 886 3866 5-73
909 3800 946 3865 of.
973 3800 1067 3864 etiam
1102 3800 1238 3865 ciusdem

191 3909 264 3972 hist.
279 3908 325 3972 lit.
340 3907 395 3972 177.
420 3927 450 3989 p.
467 3909 518 3970 22.
540 3925 625 3988 sequ.
662 3909 711 3971 oui
735 3907 833 3973 denuo
853 3907 1045 3972 adversarius
1068 3907 1178 3972 extitit.
1198 3907 1237 3971 H.

191 4015 323 4080 Keilius..
360 4015 381 4078 l.
401 4032 426 4081 o.
440 4034 469 4097 p.
487 4017 528 4079 65
552 4033 637 4096 sequ.
665 4015 904 4080 assentientibus
921 4014 1118 4099 Bernhardyo
1130 4014 1237 4077 histor.

192 4123 239 4187 lit.
257 4123 311 4188 lat.
331 4125 361 4186 4.
379 4123 463 4186 1865
481 4142 511 4204 p.
530 4122 696 4187 842-46.
721 4123 891 4188 Ribbeckio
904 4142 982 4186 mus.
992 4139 1062 4187 nov.
1072 4121 1195 4186 Helvet.
1213 4121 1237 4185 1.

1117 4244 1134 4296 1
