3018 4716
717 423 938 491 ..43...

308 637 368 699 que
396 618 426 681 in
454 617 572 695 ueteris,
608 636 686 698 quae
726 617 870 682 similiter
908 617 1031 696 eadunt,
1070 620 1196 685 modum
1227 624 1352 688 tenuit?

309 724 399 804 Quod
431 726 462 789 et
494 744 529 788 ex
559 724 715 788 veteribus
748 725 813 789 eius
851 725 939 790 libris
973 726 1170 792 manifestum
1207 730 1353 796 estete

306 833 446 898 Messala
478 832 508 898 in
540 832 619 897 libro
645 832 681 898 de
707 852 720 896 s
745 833 836 897 litera
861 833 1030 916 positum.“
1076 835 1162 899 Libri
1196 857 1273 902 mss.
1299 859 1351 902 ex·
1427 833 1435 858 ⁸

307 941 435 1004 hibent:
468 939 534 1003 diee
569 940 599 1003 et
634 939 699 1003 laee
737 939 777 1000 A.
802 939 847 1004 M.
873 937 906 1001 S.
939 941 1023 1005 dicae
1052 943 1083 1004 et
1110 943 1159 1025 (ut
1178 944 1212 1029 b)
1253 945 1352 1012 fauiae

308 1047 387 1133 (laea
411 1047 444 1128 b)
469 1046 511 1119 B,
548 1047 629 1128 quod
652 1047 795 1112 Halmius
826 1048 856 1112 in
894 1050 1052 1112 verborum
1087 1049 1190 1114 ordine
1223 1051 1278 1129 ita.
1316 1054 1353 1117 ut

306 1173 401 1237 supra
421 1155 515 1219 verba
538 1156 707 1237 posuimus,
733 1157 871 1234 correxit,
906 1175 975 1220 oum
1005 1157 1070 1221 sine
1094 1156 1187 1223 dubio
1212 1160 1351 1224 seriben-

307 1264 379 1327 dnm
403 1262 445 1326 sit
469 1261 536 1326 dioe
561 1265 592 1327 et
613 1262 700 1328 faeie.
748 1264 815 1328 Hoo
838 1263 982 1328 Halmius
1005 1264 1071 1345 ipse
1088 1265 1250 1343 intellexit,
1277 1286 1349 1331 eum

305 1372 336 1436 in
369 1369 516 1438 addendis
551 1371 580 1434 ll
611 1393 642 1454 p.
671 1374 734 1436 367
772 1371 903 1437 diceret:
938 1371 1138 1449 ‚restituenda
1174 1374 1239 1438 erat
1273 1373 1351 1440 haee

306 1479 457 1542 librorum
491 1478 601 1555 leetio;
634 1478 730 1560 quid?
758 1499 818 1544 non
841 1478 916 1544 Cato
946 1478 1108 1544 Censorius
1141 1480 1262 1558 ‚dieam‘
1295 1483 1349 1564 (au

305 1604 361 1670 pro
384 1585 541 1672 ,dicamne
567 1589 598 1652 et
621 1587 754 1664 ,laoiam‘
783 1587 849 1651 dice
874 1589 905 1651 et
935 1587 1012 1653 faeie
1037 1588 1161 1670 scripsit
1189 1588 1226 1654 ol.
1252 1591 1350 1654 etiam

306 1695 418 1779 Bergk.
443 1694 464 1758 l.
491 1714 515 1758 e.
540 1715 570 1777 p.
600 1696 663 1758 152
687 1713 770 1776 sequ.
797 1715 826 1776 p.
854 1697 927 1758 164.
976 1694 1115 1774 Quocum
1139 1695 1205 1760 loeo
1230 1715 1265 1760 ex
1289 1697 1347 1774 eis,

307 1821 385 1883 quae
422 1821 514 1883 supra
546 1801 779 1884 disputavimus,
817 1801 1030 1886 coniungenda
1054 1803 1125 1866 sunt
1166 1802 1350 1881 Quintiliani

305 1909 399 1974 verba
422 1909 475 1985 IX,
503 1912 532 1986 4,
559 1911 610 1974 39.
660 1907 749 1973 Certe
774 1929 809 1974 er
831 1910 933 1974 verbis
955 1910 1156 1992 ‚eundemque
1180 1911 1211 1974 in
1235 1911 1349 1991 ceteris

302 2035 379 2098 quae
397 2016 541 2080 similiter·
559 2016 672 2080 eadunt
687 2016 813 2081 modum
830 2017 940 2083 tenuit‘
957 2019 1033 2082 setis
1049 2020 1177 2100 apparet
1195 2017 1347 2083 Catonem

305 2124 336 2187 in
360 2125 462 2189 verbis
482 2125 591 2188 tertiae
612 2123 835 2208 eoniugationis
852 2126 1040 2208 saepissime,
1066 2125 1197 2190 tortasse
1223 2145 1347 2208 semper

304 2232 410 2296 formis
427 2232 457 2295 in
482 2251 497 2296 e
519 2231 699 2296 exeuntibus
714 2249 804 2312 usum
822 2251 897 2296 esse.
935 2232 1094 2297 Accedunt
1106 2233 1243 2297 nonnulli
1257 2235 1346 2304 Festi

297 2340 372 2404 loei:
396 2361 426 2422 p.
452 2343 514 2405 186
540 2341 582 2404 Μ.
608 2340 664 2405 eol.
691 2343 728 2403 2:
766 2340 878 2422 recipie
904 2341 983 2422 apud
1009 2339 1158 2405 Catonem
1187 2359 1241 2422 pro
1263 2341 1343 2406 reoi-

297 2449 381 2532 piam
403 2449 438 2511 ut
462 2449 523 2512 alia
545 2449 610 2512 eius
644 2447 728 2512 modi
765 2449 922 2530 eomplura
958 2448 1000 2515 ef.
1023 2449 1114 2513 Pauli
1149 2468 1195 2530 ep.
1228 2449 1343 2532 reeipie

297 2557 445 2638 recipiam
464 2576 493 2638 p.
521 2557 582 2620 201
611 2555 668 2620 ool.
694 2557 721 2619 1.
768 2556 811 2619 M.
846 2556 972 2620 ostende
1010 2556 1168 2620 ostendam
1203 2556 1239 2620 ut
1269 2577 1342 2641 per·

296 2663 404 2727 multis
430 2663 501 2727 aliis
524 2662 671 2744 exemplis
696 2663 761 2726 eius
785 2664 905 2746 generis
935 2664 1133 2728 manifestum
1169 2665 1224 2742 est,
1262 2683 1342 2746 quae

300 2772 393 2836 verba
418 2791 452 2836 ex
477 2771 591 2836 Catone
616 2771 778 2853 desumpta
809 2790 874 2835 esse
900 2791 934 2836 ex
959 2771 1011 2849 eis,
1049 2791 1126 2852 quae
1160 2773 1339 2853 sequuntur,

297 2880 466 2945 verisimile
491 2879 536 2942 fit.
560 2879 658 2942 Pauli.
685 2879 767 2943 Fest.
791 2900 821 2962 p.
847 2882 891 2943 26
909 2879 952 2943 M.
978 2880 1095 2963 attinge
1117 2899 1171 2962 pro
1188 2880 1338 2965 attingam

302 3007 440 3071 posuere.
488 2987 528 3051 id.
555 3007 583 3068 p.
611 2991 652 3051 72
676 2987 709 3050 Μ
734 2986 800 3050 dice
822 3005 877 3069 pro
917 2987 1016 3051 dioam
1048 2987 1167 3068 antiqui
1198 3006 1335 3068 posuere.

302 3095 384 3160 Satis
409 3115 444 3159 ex
467 3095 515 3158 his
538 3095 811 3178 grammaticorum
827 3095 1013 3158 testimoniis
1029 3094 1168 3172 efficitur,
1191 3093 1336 3161 Catonem

297 3203 420 3284 saepius
446 3202 544 3266 ferma
567 3201 663 3266 futuri
686 3202 715 3265 in
739 3221 754 3266 e
780 3202 901 3266 exeunti
927 3221 1018 3265 usum
1048 3221 1123 3279 esse,
1156 3204 1335 3285 praesertim

231 3345 233 3351 2
299 3329 369 3373 oum
391 3311 502 3375 Festus
527 3310 677 3391 expressis
703 3309 802 3373 verbis
827 3308 909 3372 dieat
927 3310 973 3380 ,ut
990 3309 1051 3373 alia
1070 3309 1137 3373 eius
1153 3310 1237 3375 modi
1253 3329 1336 3376 eem-

300 3418 410 3499 plura‘‚
437 3437 529 3498 quare
550 3409 639 3482 valde
661 3416 835 3480 mirandum
858 3416 914 3492 est,
945 3416 1027 3498 quod
1047 3417 1078 3480 in
1102 3417 1282 3502 fragmentis
1306 3420 1337 3483 et

296 3525 329 3588 in
360 3525 439 3588 libre
475 3524 511 3589 de
548 3525 735 3606 agricultura
768 3524 888 3587 nullum
923 3524 1014 3588 huius
1049 3524 1217 3606 scripturae
1254 3526 1338 3590 extat

232 3612 234 3617 ’
292 3633 471 3716 vestigium.
509 3633 588 3696 uam
613 3631 694 3713 quor
717 3632 805 3695 ran.
821 3631 906 3696 rese
926 3651 955 3713 p.
980 3635 1019 3696 se
1037 3631 1171 3695 meren:
1197 3634 1333 3715 nepsam

177 3798 178 3802 ,
293 3740 430 3804 futurum
454 3742 576 3820 tempus
601 3739 638 3802 eb
665 3758 709 3817 eo,
748 3737 829 3820 qued
860 3741 907 3803 est
930 3739 1026 3820 eoepi‘
1061 3736 1155 3804 Cato:
1196 3741 1334 3824 eoepiam

298 3847 446 3912 seditiosa
470 3847 563 3911 rerba
578 3847 676 3930 loqui,
714 3847 799 3910 nullo
824 3845 915 3910 modo
940 3846 1116 3910 testimonio
1141 3865 1206 3912 esse
1232 3849 1336 3929 potest

294 3953 442 4018 Catonem
465 3954 519 4017 illo
544 3953 610 4018 loeo
637 3972 669 4017 re
694 3973 766 4018 vera
789 3953 887 4017 forma
910 3953 1090 4035 eoepiem
1114 3967 1212 4035 neque
1236 3955 1335 4020 forma

294 4061 435 4142 eoepie
459 4080 550 4124 usum
573 4079 649 4139 esse,
678 4061 749 4141 quia
771 4060 828 4124 ille
851 4059 948 4125 forma
971 4080 1033 4125 non
1061 4061 1187 4144 propter
1207 4063 1332 4142 exitum,
