3018 4716
594 470 812 531 „75-

97 644 101 650 ’
179 656 307 722 adhibet
331 655 469 741 (gelusP
488 655 554 720 AR
578 657 609 721 et
632 656 718 722 codd.
742 657 881 733 Victorii,
907 655 978 740 gelu
1002 656 1043 740 v),
1066 656 1145 721 uude
1162 655 1215 722 de·

186 747 305 828 rivatus
330 764 362 827 et
383 763 575 827 accusativus
598 764 699 847 gelum
725 763 783 848 frg.
801 766 860 841 14,
875 767 905 827 5.

269 871 354 934 Haeo
379 888 499 951 quoque
523 871 679 934 vacillatio
696 870 924 934 accommodata
942 869 988 934 est
1006 869 1129 954 linguae
1145 859 1215 934 tul·

180 977 258 1061 gari,
298 977 469 1040 cumcuim
493 977 579 1041 initio
605 977 664 1041 duo
687 977 867 1042 nominativi
897 976 1085 1041 diversarum
1121 976 1216 1041 decli-

176 1084 337 1150 nationum
359 1085 507 1161 extarent,
534 1084 696 1165 paullatim
725 1084 816 1148 alteri
844 1083 928 1148 casui
959 1084 1088 1148 alterum
1120 1083 1214 1148 deeli-

175 1193 332 1256 uatiouem
354 1191 488 1257 tribuere
511 1192 685 1274 coeperunt,
721 1191 791 1255 dum
815 1191 939 1256 tandem
969 1210 1029 1254 una
1053 1190 1214 1255 declinatio

175 1300 308 1364 alteram
329 1298 420 1380 plane
460 1298 602 1377 vinceret,
643 1300 677 1363 ut
700 1298 739 1382 ,in
766 1283 918 1363 ‘vocabulo
954 1317 1007 1362 vas
1042 1297 1073 1362 in
1111 1297 1216 1378 lingua

175 1407 294 1472 urbana
316 1406 424 1487 postea
443 1406 476 1469 in
501 1405 647 1486 singulari
669 1406 862 1471 usitateerat
878 1405 1042 1470 declinatio
1059 1403 1159 1482 tertia,
1184 1405 1215 1467 in

176 1513 292 1598 plurali
313 1512 476 1578 declinatio
500 1512 641 1577 secunda.
694 1511 770 1578 Cum
794 1513 891 1597 igitur
918 1513 949 1576 in
979 1512 1027 1576 his
1058 1510 1215 1576 vocabulis

179 1622 301 1706 longior
326 1620 424 1685 forma
448 1620 563 1684 usitata
586 1622 676 1698 esset,
713 1621 743 1684 ln
767 1620 846 1699 eliis,
882 1639 959 1702 quae
983 1619 1123 1684 Dietzius
1143 1637 1213 1701 pag.

184 1733 224 1794 16
248 1728 376 1812 colligit,
406 1730 437 1792 iu
463 1726 590 1792 Catonis
612 1727 700 1792 libris
724 1727 822 1792 forma
845 1727 942 1792 veloci
975 1726 1215 1809 pronuntiationi

175 1837 305 1920 linguae
330 1835 467 1920 vulgaris
485 1835 714 1900 accommodata
732 1835 797 1900 sole
821 1836 912 1914 extat,
937 1835 982 1900 ita
998 1852 1135 1918 sanguen
1156 1833 1213 1914 frg.

173 1945 298 2023 19,11.
323 1943 377 2021 65,
394 1946 422 2008 5.
470 1943 569 2008 Anien
594 1942 652 2028 frg.
675 1945 727 2022 48,
742 1948 772 2007 4.
820 1943 923 2008 Genus
945 1942 1060 2006 formae
1078 1959 1213 2026 sanguen

175 2073 213 2118 ex
235 2052 284 2116 his
307 2051 383 2116 loeis
407 2051 549 2135 cognosci
572 2069 631 2114 non
653 2053 766 2134 potest,
794 2050 857 2115 sed.
879 2069 926 2130 ap.
941 2048 1018 2114 nnn,
1041 2067 1110 2112 anu.
1140 2049 1212 2114 117.

173 2161 214 2225 V.
239 2159 316 2243 frag.
355 2160 418 2222 228
444 2157 563 2242 generis
586 2160 724 2223 neutrius
748 2159 804 2223 est.
853 2155 998 2237 Sequitur
1032 2155 1067 2218 ut
1101 2155 1214 2218 Dietzii

176 2266 341 2343 sententia,
379 2265 432 2346 qui
467 2283 600 2345 sanguen
636 2259 840 2328 inutilitatum
876 2282 942 2328 esse
975 2281 1011 2327 ex
1045 2262 1211 2346 sauguinis,

174 2375 255 2440 falsa
277 2374 333 2451 sit.¹
374 2373 563 2436 Mansues
586 2391 658 2438 vero
681 2371 796 2454 pariter
819 2389 855 2436 ao
877 2371 1031 2434 damnas
1048 2388 1083 2433 ex
1106 2368 1212 2433 dem·

170 2483 297 2546 natus
335 2499 369 2544 ex
404 2480 635 2544 mansuetus
671 2478 847 2542 mutilatum
884 2495 950 2542 esse
981 2478 1012 2542 et
1044 2476 1151 2542 deinde
1182 2477 1213 2540 in

173 2588 410 2654 declinationem
428 2587 553 2651 tertiam
576 2586 734 2650 transiisse
756 2585 877 2650 videtur
899 2584 936 2650 cf.
951 2585 1038 2649 Neue
1061 2586 1089 2649 Il
1106 2587 1129 2662 2,
1157 2588 1209 2664 96,

174 2698 254 2764 11181
274 2695 357 2760 extat
380 2693 437 2779 frg.
464 2696 559 2772 84,1.
591 2694 790 2770 118824,12.
838 2693 950 2757 Forma
974 2693 1085 2774 trapes,
1119 2712 1211 2775 quam

171 2805 315 2873 Dietuius
340 2801 399 2866 sibi
433 2801 522 2865 finxit
557 2822 592 2867 ex
615 2823 639 2869 r.
662 2823 686 2867 r.
713 2804 828 2881 145,1.
867 2801 917 2878 18,
933 2800 961 2864 2.
988 2819 1023 2864 ex
1043 2801 1095 2879 eie,
1133 2819 1211 2882 quae
1260 2855 1261 2858 ,

171 2931 267 2998 supra
291 2899 523 2993 disputavimus,
548 2911 632 2975 reeta
652 2929 713 2975 nou
737 2909 793 2974 est.

264 3019 376 3084 Contra
400 3036 469 3082 cum
493 3017 555 3081 illis
585 3017 692 3082 formis
725 3016 894 3099 comparari
924 3016 1053 3098 possunt
1084 3035 1119 3080 ex
1155 3015 1209 3080 ad-

171 3128 298 3197 iectivis'
327 3125 476 3192 secundae
502 3125 714 3190 declinationis
750 3125 931 3207 complura·
954 3141 1081 3204 quorum
1116 3124 1209 3207 stirps

171 3238 295 3304 rlitere
311 3233 511 3312 concluditur,
536 3251 613 3314 quae
629 3233 659 3296 iu
679 3252 759 3296 nom.
778 3233 855 3318 sing.
873 3250 966 3294 masc.
985 3229 1075 3295 modo
1095 3230 1209 3296 emtum

171 3364 270 3423 -er,
296 3341 386 3407 modo
415 3359 538 3405 -erus
563 3340 684 3415 habent,
710 3360 745 3403 u·
766 3356 893 3420 prosper
912 3338 961 3402 vel
980 3357 1144 3421 prosperus
1169 3337 1207 3404 cf.

170 3450 339 3527 PrIscIV,
362 3451 391 3526 3,
412 3451 451 3512 19
475 3467 505 3530 p.
533 3449 606 3511 128.
653 3447 746 3530 Apud
764 3446 909 3512 Catonem
927 3467 967 3512 en.
981 3447 1032 3510 his
1049 3445 1208 3511 adiectivis

174 3556 474 3625 commemorandum
500 3557 547 3621 est
569 3557 645 3620 citer
668 3556 726 3642 frg.
746 3556 830 3635 65,7
856 3557 953 3641 (Neue
979 3555 1042 3634 II2,
1068 3557 1101 3639 4)
1132 3574 1208 3638 quo-

173 3686 244 3733 cum
266 3664 419 3730 consont't
442 3664 472 3727 in
498 3683 561 3748 egr.
596 3684 687 3747 super
717 3664 854 3745 inferque
888 3666 949 3727 149
982 3663 1206 3742 ctNoue12,
1248 3727 1249 3730 ,

173 3778 207 3841 3.
229 3797 254 3839 r.
279 3795 303 3838 r.
330 3773 416 3852 22,3
445 3772 475 3835 in
510 3771 695 3836 editionibus
730 3772 799 3837 ante
829 3755 966 3836 Keilium
1002 3771 1207 3837 nominativus

175 3884 295 3948 ceteros
316 3881 477 3963 legebatur
510 3881 640 3959 ,oeterus
665 3882 800 3945 ornatus‘
833 3900 923 3964 quem
961 3901 1030 3946 cum
1055 3900 1206 3963 nusquam

88 3977 96 3991 ⁹
170 3991 342 4056 inveniatur
365 3990 424 4054 nisi
444 3989 521 4054 falso
534 4009 581 4073 ap.
600 3988 679 4053 Plin.
695 4008 724 4051 n.
743 3988 772 4054 h.
794 3989 938 4068 XXVIII,
965 3994 995 4068 4,
1010 3993 1039 4054 9.
1065 3990 1095 4053 in
1118 3987 1204 4053 codd.

171 4100 263 4163 Voss.
301 4100 332 4164 et
358 4098 441 4162 Rico.
470 4097 556 4163 Neue
586 4097 637 4175 12,
668 4101 689 4161 4
718 4087 959 4163 a'ddItamentum
986 4116 1052 4162 esso
1078 4096 1205 4175 librarii,
