3018 4716
732 405 952 482 *18-

325 622 360 668 ex
386 615 535 688 augurum
557 605 644 670 libris
668 625 715 688 ap.
741 608 867 670 Festum
892 607 995 685 suad,
1022 607 1118 684 ted,
1141 628 1177 672 ex
1199 608 1359 674 duodecim

322 712 436 776 tabulis
459 713 539 794 apud
562 714 688 778 Festum
712 715 786 790 364,
826 732 868 778 11
898 715 1090 796 concapit
1118 734 1162 780 ne
1194 716 1357 781 solvito.

323 818 407 903 Quae
429 819 460 884 in
482 820 731 902 inscriptionibus
754 821 948 886 inveniuntur
972 821 1087 886 formae
1110 821 1144 886 in
1169 822 1357 902 dexeuntes,

323 945 375 992 cae
392 926 538 992 collectae
563 927 633 992 sunt
649 925 682 992 O.
696 928 725 993 J.
740 928 774 991 L.
795 928 810 991 1
830 927 893 992 ind.
908 949 938 1010 p.
958 929 1031 994 603.
1058 929 1114 992 col.
1129 930 1159 1007 3,
1174 933 1203 994 4.
1230 949 1359 1012 querum

322 1033 496 1100 erratione
531 1035 612 1100 recte
647 1032 835 1111 01111111,
876 1039 938 1101 199
971 1035 1136 1113 concludit,
1176 1037 1237 1102 iam
1267 1037 1360 1102 tertio

321 1143 391 1207 ante
414 1141 571 1207 Christum
595 1143 701 1207 natum
729 1144 850 1208 saeculo
875 1142 895 1206 d
919 1143 1045 1207 ablativi
1077 1163 1255 1210 evanescere
1289 1164 1361 1230 coe-

320 1251 402 1332 pisse
425 1251 456 1315 et
479 1250 599 1314 circiter
628 1249 700 1314 inde
729 1251 956 1333 utemporibus
990 1251 1064 1314 belli
1088 1251 1277 1317 Macedonici
1310 1271 1361 1317 se·

321 1357 411 1423 cundi
434 1356 546 1422 formes
569 1358 600 1421 in
621 1358 756 1422 vocalem
780 1358 926 1423 exeuntes
951 1358 1091 1423 usitatas
1118 1359 1223 1424 fuisse.
1270 1357 1361 1426 Certe

320 1467 382 1531 iam
407 1465 504 1528 multo
525 1465 610 1548 prius
636 1464 669 1528 in
694 1484 831 1530 sermone
856 1464 1007 1530 cotidiano
1032 1465 1051 1528 d
1073 1466 1203 1547 proferri
1226 1466 1360 1532 desitum

322 1573 377 1649 est,
406 1572 550 1654 quoniam
562 1571 662 1636 multo
687 1572 802 1636 diutius
815 1573 845 1636 in
863 1573 917 1650 eis,
935 1591 1012 1654 quae
1030 1573 1144 1638 litteris
1164 1573 1359 1652 mandantur,

320 1681 399 1745 tales
435 1675 641 1763 proprietates
677 1680 825 1745 sermonis
861 1681 984 1756 servari,
1025 1681 1156 1744 maxime
1191 1681 1222 1745 in
1258 1682 1361 1746 titulis

321 1788 461 1871 publicis,
499 1788 552 1869 qui
596 1788 737 1852 omnibus
781 1788 976 1870 temporibus
1017 1789 1173 1853 vetustum
1209 1789 1361 1871 quendam

322 1896 457 1960 colorum
493 1896 680 1971 amaverunt,
719 1894 809 1960 hodie
834 1914 954 1976 quoque
994 1895 1136 1978 cognosci
1167 1885 1278 1977 potest.
1320 1897 1359 1961 11.

320 2003 433 2088 Bergk.
454 2003 474 2066 1.
501 2021 525 2066 1.
574 2000 650 2066 Cum
680 2021 769 2084 porro
803 2002 888 2084 apud
919 2002 1075 2079 Plautum,
1111 2004 1163 2085 qni
1195 2004 1255 2068 iarn
1281 2023 1361 2069 anno

220 2141 224 2150 ·
295 2190 297 2195 ,
324 2113 386 2174 184
419 2109 498 2174 diem
531 2127 706 2190 supremum
739 2109 823 2186 obiit,
862 2108 977 2173 formae
1010 2111 1040 2174 in
1075 2109 1235 2174 dtantum
1271 2107 1360 2174 adhi-

320 2217 460 2294 beantur,
483 2216 518 2280 ut
539 2216 641 2280 hiatus
663 2216 786 2292 vitetur,
811 2217 1074 2281 111111111198
1101 2216 1253 2281 ablativos
1280 2238 1361 2283 unus

321 2325 503 2402 inveniatur,
527 2324 576 2388 cui
601 2324 683 2388 certe
712 2325 826 2388 exitum
856 2324 1033 2388 dtribuere
1065 2325 1166 2401 liceat,
1198 2326 1361 2390 Terentius

322 2453 403 2510 vero,
432 2433 484 2515 qui
507 2450 584 2496 anno
610 2432 672 2496 159
696 2433 837 2496 mortuus
862 2434 916 2510 111,
949 2432 997 2496 bis
1030 2432 1173 2497 ablativis
1207 2452 1362 2515 nusquam

321 2560 395 2606 usus
415 2540 469 2617 sit,
494 2538 618 2603 dubium
638 2558 704 2603 esse
727 2557 788 2603 nou
812 2539 927 2622 potest,
951 2539 1023 2621 quin
1040 2538 1148 2604 Catoni
1171 2540 1227 2605 hae
1243 2540 1360 2606 formae

322 2649 444 2714 omniuo
465 2645 683 2711 abiudicandae
715 2647 787 2721 sint,
826 2649 861 2710 ut
896 2646 948 2728 qui
982 2647 1202 2727 posterioribus
1235 2647 1360 2712 demum
1487 2711 1488 2728 ,

321 2756 402 2822 vitae
425 2754 625 2836 temporibus,
661 2773 731 2817 cum
763 2754 859 2818 otium
891 2772 951 2818 non
972 2755 1041 2830 ‚iarn
1061 2755 1193 2839 negotiis
1227 2756 1361 2838 publicis
1408 2742 1411 2748 ¹
1487 2793 1488 2806 ,

322 2863 560 2947 perturbaretur,
586 2861 673 2925 libris
696 2860 863 2925 scribendis
887 2871 1010 2943 operam
1033 2861 1153 2926 dederit
1175 2863 1206 2926 et
1221 2863 1251 2925 iu
1268 2882 1360 2944 prosa

322 2971 457 3034 oratione
489 2969 585 3032 libros
624 2968 845 3048 conscripserit,
884 2987 961 3049 quae
999 2988 1059 3032 non
1092 2969 1137 3033 ita
1169 2968 1205 3032 ut
1238 2969 1359 3051 poetica

322 3077 418 3141 oratio
442 3075 534 3140 metri
556 3075 671 3156 regulis
695 3075 809 3139 formas
834 3075 971 3139 vetustas
995 3095 1140 3157 usurpare
1172 3077 1276 3140 coacta
1300 3077 1355 3142 est.

410 3183 518 3265 ltaque
539 3183 676 3264 iamper
700 3202 731 3247 se
755 3182 920 3247 verisimile
944 3201 1001 3246 non
1034 3183 1088 3261 est,
1114 3182 1192 3246 illud
1228 3184 1354 3265 „quod‘

321 3291 489 3356 ablativum
520 3309 596 3367 esse,
630 3309 698 3354 oum
733 3291 764 3353 in
800 3289 942 3354 continua
977 3291 1149 3354 narratione
1184 3291 1356 3356 inveniatur

321 3418 418 3482 neque
440 3399 472 3462 in
497 3397 628 3462 formula
646 3397 777 3479 quadam
794 3399 924 3472 vetusta,
950 3397 1003 3460 ubi
1027 3398 1148 3478 saepius
1164 3398 1278 3462 formae
1301 3399 1355 3463 ob·

321 3507 452 3571 1111111.
469 3507 636 3582 servantur,
668 3505 703 3568 ut
736 3505 816 3569 inira
843 3505 974 3585 legimus
1007 3505 1223 3586 imperativum
1242 3526 1356 3587 prae-

313 3613 477 3678 Ι1111111111.
546 3611 684 3688 Accedit,
722 3611 812 3693 quod,
860 3611 981 3676 etiamsi
1029 3612 1250 3676 nominativum
1289 3631 1356 3678 1111

322 3721 496 3798 statuimus,
521 3721 635 3802 optime
661 3719 803 3801 explicari
823 3719 935 3801 potest.
972 3718 1143 3800 Quamqarn
1168 3720 1248 3784 enim
1264 3738 1355 3784 sucus

320 3829 472 3892 brassicae
496 3827 610 3891 cumini
635 3826 725 3890 odore
748 3826 905 3902 imbuitur,
932 3828 1033 3891 tamen
1059 3826 1101 3903 id,
1126 3825 1207 3907 quod
1234 3826 1355 3908 proprie

321 3935 391 4012 1111,
419 3935 556 3999 cuminus
582 3935 637 4010 est,
662 3933 708 3996 ita
723 3934 758 3996 ut
769 3936 852 3998 recte
865 3933 925 3997 dici
939 3933 1038 4015 possit
1052 3953 1108 4010 „eo
1127 3933 1224 3997 indito
1241 3933 1354 3998 cumini

320 4043 441 4105 tantum
473 4040 555 4122 quod
574 4041 594 4104 i.
621 4059 645 4104 1.
672 4041 819 4122 quantum
844 4040 956 4117 oleat“,
980 4039 1124 4104 nimirum
1150 4039 1220 4116 olet,
1246 4059 1354 4121 quam·
