2972 4710
535 433 776 522 4111-1-

137 650 221 714 libro
245 649 395 714 attributa
418 649 487 728 sint,
516 649 652 714 dubitari
674 651 790 732 nequit,
811 670 883 716 cum
904 671 959 716 nec
982 652 1015 716 in
1038 653 1118 717 libro
1142 653 1179 720 de

138 775 208 841 agr.
234 776 365 838 usquam
401 756 437 822 de
462 758 558 823 subus
593 759 702 840 agatur
726 759 757 823 et
778 759 863 823 totus
898 760 1060 824 verborum
1096 761 1180 825 color

137 864 400 930 accommodatior
424 865 465 929 sit
488 865 666 948 originibus,
691 867 803 947 quibus
827 867 997 948 permultas
1014 866 1051 932 de
1068 869 1179 934 exteris

137 972 326 1036 animalibus
350 973 381 1036 et
403 973 517 1054 plantis
547 973 736 1038 narrationes
758 974 890 1038 insertas
924 973 1018 1040 trisse
1055 975 1177 1054 scimus,

136 1099 234 1160 quam
257 1080 335 1144 libro
359 1078 395 1144 de
419 1100 493 1162 agn,
524 1081 575 1162 qui
606 1081 770 1145 maximam
793 1085 913 1164 partem
947 1101 985 1146 ex
1007 1084 1179 1164 praereptis

135 1188 271 1251 constat.
319 1186 458 1266 Accedit,
484 1188 566 1268 quod
588 1188 619 1252 in
650 1188 729 1253 libro
762 1189 793 1252 ll
827 1188 863 1253 de
888 1189 1050 1255 Gallorum
1083 1190 1179 1272 Ligu-

134 1313 269 1378 rumque
290 1296 382 1360 rebus
414 1296 517 1360 actrrm
545 1313 611 1361 esse
647 1296 765 1360 certum
796 1297 844 1361 est
878 1297 916 1361 cf.
939 1297 1067 1365 Jordan.
1088 1299 1177 1381 proll.

134 1424 169 1485 p.
197 1403 313 1468 XXXV
337 1421 422 1485 sequ.

210 1510 322 1575 Restat
332 1511 411 1575 liber
423 1511 540 1594 primus
553 1512 698 1576 Varronis
712 1511 748 1576 de
761 1512 960 1598 agricultura,
978 1514 1032 1578 ubi
1043 1512 1118 1578 Cato
1131 1515 1179 1579 his
1303 1592 1305 1596 Ι

133 1618 218 1682 loeis
240 1618 367 1683 citatur:
391 1619 414 1696 l,
442 1622 471 1696 2,
485 1622 546 1684 28:
577 1619 749 1705 Quaeritur,
776 1640 853 1702 quae
870 1639 918 1685 111
936 1640 953 1684 1
975 1621 1095 1686 culture
1116 1621 1179 1688 dis-

132 1725 312 1810 iungendae
326 1727 396 1805 sint,
416 1746 493 1808 quae
506 1727 731 1805 attribuendae,
747 1728 777 1792 et
789 1729 1003 1811 vituperantur
1018 1727 1177 1808 Sasernae,

134 1839 215 1916 quia
231 1834 329 1897 multa
344 1834 493 1900 miracula
508 1835 590 1918 apud
607 1853 658 1899 eos
673 1820 877 1913 inieniantur,
893 1854 971 1918 quae
985 1836 1047 1900 sint
1060 1836 1180 1901 diversa

135 1942 178 2006 ab
193 1941 392 2024 agricultura.
424 1961 518 2006 unum
531 1945 672 2006 narratur
687 1943 717 2006 in
733 1943 834 2008 verbis
849 1943 1002 2025 prioribus
1015 1944 1181 2026 superiori-

134 2053 199 2114 bus
212 2051 236 2126 l,
252 2053 281 2128 2,
294 2053 345 2114 26.
378 2051 454 2135 Ego,
469 2050 552 2132 quod
564 2051 672 2135 magis,
687 2051 825 2133 inquam,
836 2052 988 2133 pertineat
995 2051 1181 2116 adFundani

134 2156 351 2223 valetudinem
367 2159 413 2221 -in
434 2177 469 2222 eo
492 2158 580 2237 libro,
612 2159 660 2223 est
699 2147 809 2223 satius
830 2158 926 2224 dicas:
962 2178 1035 2224 nam
1055 2159 1181 2226 huiusce
1289 2201 1292 2208 ·

133 2247 234 2350 pedes
270 2266 370 2330 solent
403 2266 513 2344 dolere,
548 2267 579 2330 in
614 2266 713 2331 fronte
753 2267 931 2332 contrahere
967 2287 1070 2352 rugas.
1119 2269 1179 2332 Dic

139 2374 244 2451 sodes,
271 2375 373 2456 inquit
395 2375 588 2439 Fundanius:
613 2395 684 2439 nam
708 2375 789 2440 malo
811 2374 847 2439 de
871 2376 948 2440 meis
970 2376 1099 2459 pedibus
1123 2396 1178 2440 111-

136 2481 205 2546 dire
232 2500 326 2563 quam
351 2501 442 2562 quem
467 2483 506 2546 ad
524 2482 648 2546 modum
666 2482 760 2566 pedes
783 2483 926 2547 betaceos
951 2484 1011 2548 seri
1029 2487 1178 2567 oporteat.

135 2587 228 2654 Stolo
251 2589 421 2666 subridens,
453 2590 572 2667 Dicam,
596 2590 708 2671 inquit,
731 2590 845 2655 eisdem
869 2591 981 2670 quibus
997 2590 1050 2655 ille
1078 2591 1179 2656 verbis

135 2696 267 2779 scripsit
289 2696 567 2777 velTarquennam
591 2697 709 2776 audivi,
733 2717 804 2762 cum
830 2699 946 2762 homini
962 2698 1055 2780 pedes
1077 2698 1180 2764 dolere
1234 2712 1237 2721 ·

138 2804 326 2886 coepissent,
352 2805 404 2884 qui
428 2804 474 2868 tui
497 2805 695 2882 meminisset,
728 2806 755 2869 ei
778 2805 894 2870 mederi
918 2823 1016 2887 posse.
1054 2825 1110 2890 ego
1133 2807 1181 2870 tui

134 2911 276 2989 memini,
297 2910 418 2976 medere
439 2913 517 2977 meis
533 2913 671 2994 pedibus,
697 2914 791 2991 ,terra
815 2914 934 2994 pestem
954 2916 1071 2992 teneto,
1092 2912 1177 2978 salus

134 3021 188 3084 hic
209 3020 333 3084 maneto
355 3020 388 3083 in
411 3021 488 3084 meis
511 3020 652 3101 pedibus‘
685 3020 735 3104 (in
758 3021 855 3085 meis
881 3020 1058 3103 pedibus
1082 3021 1180 3086 inter·

136 3127 332 3212 polationem
358 3145 424 3191 esse
447 3136 631 3209 persuasum
653 3129 763 3212 habeo)
787 3129 846 3192 hoc
869 3129 917 3192 ter
949 3129 1075 3194 noviens
1109 3147 1181 3194 can·

137 3237 205 3301 tare
226 3235 321 3312 iubet,
346 3238 461 3298 terram
485 3237 619 3319 tangere,
635 3235 803 3318 despuere,
826 3235 962 3300 ieiunum
982 3237 1114 3301 cantare.

233 3342 329 3421 Quasi
351 3361 432 3420 vero,
458 3343 593 3422 inquam,
619 3362 677 3407 non
703 3343 784 3424 apud
806 3346 924 3407 ceteros
946 3362 1065 3424 quoque
1082 3343 1179 3425 scrip-

93 3535 96 3541 *
137 3454 223 3515 tores
246 3450 322 3514 talia
345 3443 546 3532 reperiantur.
582 3470 620 3514 an
650 3469 708 3514 non
739 3450 771 3513 in
801 3450 907 3534 magni
939 3450 1025 3514 illius
1056 3449 1199 3516 Catonis-

137 3558 229 3634 libro,
266 3557 320 3637 qui
343 3557 380 3621 de
405 3558 593 3641 agricultura
628 3558 675 3621 est
711 3556 821 3635 editus,
859 3558 977 3639 scripta
1014 3558 1087 3622 sunt
1109 3577 1179 3640 per-

138 3665 239 3728 multa
252 3664 374 3740 similia,
399 3668 435 3728 ut
458 3665 544 3742 haec,
566 3684 656 3746 quern
678 3663 853 3729 admodum
879 3665 1051 3747 placentam
1079 3665 1179 3730 facere

140 3773 292 3856 oporteat,
329 3791 388 3853 quo
413 3774 502 3855 pecto
525 3773 632 3850 libum,
670 3791 731 3852 que
762 3772 879 3837 ratione
908 3775 1026 3855 pernas
1044 3772 1179 3836 callere?

139 3881 223 3945 Illud
246 3879 306 3944 non'
326 3879 412 3957 dicis,
451 3880 551 3960 inquit
572 3880 696 3961 Agrius,
726 3880 807 3960 quod
843 3880 951 3944 scribit
987 3881 1024 3958 ,si
1047 3879 1124 3944 velis
1147 3879 1179 3946 in

141 3988 280 4052 convivio
313 3989 448 4056 multum
490 3988 593 4052 bibere
626 4007 794 4069 cenareque
828 3987 968 4066 libenter,
1006 3988 1074 4052 ante
1113 4006 1179 4052 esse

142 4099 265 4178 oportet
289 4096 454 4160 brassicam
483 4095 609 4160 crudam
639 4114 678 4160 ex
710 4091 807 4174 aceto,
845 4096 948 4175 aliqua
980 4095 1055 4184 folia
1089 4095 1178 4176 quin-
