2972 4710
727 441 969 514 -110-

312 634 349 702 de
372 637 562 722 agricultura
583 639 779 704 inveniuntur
799 639 836 704 ci.
862 638 947 706 Serv.
972 640 1012 705 ad
1027 641 1120 725 Verg.
1145 640 1220 706 Geo.
1245 641 1269 719 Ι,
1294 644 1350 706 46.

310 743 436 810 Jordan.
459 765 490 828 p.
516 747 557 811 78
584 747 678 829 ‚quod
700 747 822 812 evenire
845 747 999 830 frequenti
1029 749 1164 813 aratione
1197 749 1349 826 norimus,

310 853 348 917 ut
371 853 402 917 et
425 852 617 936 splendidior
650 854 705 919 fiat
742 857 774 919 el
802 857 930 933 teratur,
963 853 1039 921 Cato
1071 856 1102 920 in
1137 857 1274 921 oratione
1310 857 1351 920 ad

309 960 428 1026 lilium:
475 961 522 1024 vir
559 961 666 1039 bonus,
706 963 811 1027 Marce
838 963 893 1040 fili,
932 962 1053 1027 colendi
1090 963 1219 1046 peritus,
1261 964 1349 1028 cuius

309 1067 496 1132 ferramenta
509 1068 703 1150 splendent“.
752 1069 836 1134 Serv.
862 1069 912 1134 ad.
925 1071 1018 1155 Verg.
1040 1069 1115 1136 Geo.
1138 1071 1178 1148 ΙΙ,
1204 1070 1247 1134 95
1267 1071 1349 1135 Rae-

309 1176 404 1241 tioam
427 1193 519 1240 uram
544 1175 621 1241 Cato
644 1177 806 1261 praecipue
829 1178 937 1244 laudat
958 1179 990 1242 in
1008 1178 1105 1256 libris,
1131 1194 1208 1260 quos
1224 1179 1350 1262 scripsit

309 1284 349 1349 ad
371 1283 481 1350 filium.

402 1391 499 1458 Senec
522 1393 610 1475 epist.
636 1397 689 1470 94,
715 1397 759 1458 27
789 1413 873 1458 emas
893 1413 953 1458 non
980 1394 1064 1476 quod
1086 1412 1163 1477 opus
1199 1397 1257 1471 est,
1293 1393 1349 1458 sed

309 1500 392 1583 quod
412 1519 536 1565 necesse
560 1502 616 1564 est.
643 1501 725 1583 quod
746 1521 806 1565 non
830 1520 906 1584 opus
930 1503 986 1580 est
1011 1521 1081 1566 asse
1105 1521 1211 1567 carum
1236 1504 1291 1566 est.

399 1608 484 1687 Quae
500 1608 663 1691 ,praeterea
679 1609 947 1690 assisteremus,
963 1610 1131 1675 incertiora
1147 1613 1227 1688 sunt,
1253 1629 1347 1692 quem

308 1721 346 1780 ut
368 1735 404 1782 ex
428 1715 472 1780 eis
497 1715 667 1797 quidquam
690 1717 766 1781 certi
790 1717 929 1780 concludi
952 1718 1060 1800 possit,
1094 1736 1165 1782 cum
1188 1738 1233 1794 ea,
1269 1737 1346 1800 quae

310 1823 414 1901 citavi,
446 1823 620 1905 praecepta.
658 1823 731 1905 quia
752 1823 881 1905 reliquis
915 1825 1087 1908 praeceptis
1123 1845 1159 1890 ex
1195 1825 1274 1890 libro
1306 1824 1346 1888 ad
1377 1863 1383 1880 ,

308 1931 408 1996 lilium
431 1931 603 2015 desumptis
628 1931 789 1996 simillime
813 1934 893 2010 sunt,
922 1933 997 1998 satis
1021 1931 1231 1998 demonstrent
1254 1932 1344 1998 Ceto-

307 2040 431 2104 nemin
454 2039 542 2104 libris
566 2039 604 2103 ed
633 2039 742 2115 filium,
779 2041 892 2120 quibus
930 2059 1007 2121 quae
1040 2041 1174 2105 maxime
1208 2041 1344 2106 Romano

308 2145 432 2212 scienda
453 2147 564 2224 essent,
600 2147 735 2230 collegit,
773 2146 993 2232 agriculturam
1029 2167 1150 2230 quoque
1193 2149 1343 2233 attigisse.

306 2255 415 2334 Neque
440 2255 553 2318 mirum
577 2255 635 2332 est,
661 2253 812 2337 quodhoc
833 2255 950 2320 iactum
974 2256 1032 2334 est,
1056 2253 1132 2337 quin
1156 2256 1251 2321 eliam
1274 2275 1343 2321 eon·
1458 2279 1459 2282 ¹

306 2364 486 2428 sentaneum
516 2361 657 2444 iamper
692 2381 733 2439 se,
774 2363 846 2442 quia
882 2363 1090 2447 agriculturae
1114 2363 1245 2428 Romani
1279 2365 1341 2427 tum

307 2470 439 2534 maxime
461 2488 584 2552 operam
608 2467 765 2534 dederuut.
813 2471 860 2536 De
882 2471 939 2536 hoc
962 2470 1059 2555 igitur
1087 2471 1166 2538 libro
1202 2470 1342 2536 Servium

307 2577 461 2662 cogitasse
485 2577 627 2642 Klotzius
649 2577 681 2640 et
704 2577 825 2643 Keilius
853 2580 936 2644 reete
971 2579 1175 2644 coniecerunt.
1224 2577 1273 2642 Ab
1293 2579 1342 2644 -his

306 2704 377 2751 vero
392 2685 565 2768 praeceptis
588 2685 702 2748 librum
720 2685 757 2750 de
777 2687 975 2770 agricultura,
1000 2705 1091 2766 quem
1110 2705 1164 2750 nos
1184 2686 1340 2764 habemus,

305 2793 396 2878 longe
418 2792 531 2858 distare
553 2793 597 2857 eis
621 2793 730 2871 causis,
758 2813 833 2875 quas
858 2813 950 2876 supra
973 2794 1075 2874 attuli,
1100 2795 1176 2858 satis
1200 2794 1340 2861 eflicitur.

395 2899 489 2985 Apud
514 2901 680 2965 Varronem
703 2898 779 2965 Cato
802 2919 958 2982 nunquam
989 2901 1103 2966 citetur
1132 2900 1164 2964 iu
1186 2901 1267 2967 libro
1287 2902 1339 2980 ΙΙΙ,

306 3007 354 3072 bis
377 3007 408 3072 in
430 3008 509 3072 libro
533 3008 576 3072 ll.
794 3069 795 3072 ,

395 3114 486 3180 Alter
507 3117 593 3180 locus
618 3113 702 3180 extat
723 3115 762 3193 ΙΙ,
788 3117 818 3190 3,
833 3118 863 3181 3.
894 3116 948 3181 ubi
973 3115 1126 3198 expressis
1148 3115 1249 3181 verbis
1274 3135 1340 3182 eum

307 3241 342 3286 ex
365 3223 534 3307 originibus
558 3223 757 3303 desumptum
781 3241 848 3287 esse
868 3223 1002 3301 additur,
1028 3242 1122 3306 quare
1145 3222 1184 3288 ad
1205 3229 1341 3289 nostram

308 3329 548 3411 disputationem
562 3348 620 3394 non
639 3329 778 3410 quadrat,
806 3330 885 3395 alter
900 3331 939 3408 ΙΙ,
966 3334 996 3408 4,
1013 3334 1063 3395 11.
1088 3330 1141 3396 ubi
1157 3332 1251 3395 verba
1269 3331 1341 3396 haec

307 3438 378 3500 sunt
399 3436 481 3519 (utor
504 3437 599 3501 Keilii
626 3437 788 3521 editionet:
825 3437 883 3515 „de
917 3438 1128 3523 magnitudine
1158 3438 1338 3524 gallicorum
1391 3465 1394 3472 ·
1459 3473 1460 3496 r

307 3544 512 3610 succidiamm
533 3544 608 3610 Ceto
633 3546 740 3610 scribit
763 3545 811 3609 his
837 3545 952 3610 verbis:
987 3546 1018 3610 in
1042 3546 1134 3611 ltalia
1163 3546 1194 3610 in
1219 3546 1338 3611 serobes
1459 3557 1460 3572 ³

305 3652 392 3716 teme
413 3657 505 3733 atque
522 3653 669 3734 quaterna
684 3653 772 3717 milia
787 3652 869 3717 aulia
885 3652 1021 3746 succidia
1037 3654 1065 3717 X
1088 3671 1158 3718 vere
1175 3672 1227 3718 sus
1243 3671 1337 3735 usque
1459 3629 1460 3680 ἶ

306 3758 381 3824 adeo
406 3760 617 3842 pinguitudine
640 3779 774 3826 erescere
792 3760 879 3838 solet,
904 3762 940 3824 ut
956 3780 988 3825 se
1004 3761 1072 3844 ipse
1089 3762 1173 3826 stans
1189 3761 1337 3827 sustinere

238 3915 241 3924 ,
306 3877 365 3931 non
390 3867 609 3949 possitneque
633 3867 777 3951 progredi
804 3884 945 3948 usquam.
982 3868 1086 3948 itaque
1125 3887 1176 3932 eas
1211 3868 1238 3963 si
1274 3868 1338 3950 quis

305 3991 364 4053 quo
390 3975 517 4040 traicere
549 3973 641 4051 volet,
673 3975 705 4038 in
727 3975 903 4056 plaustrum
936 3975 1080 4058 inponit!
1128 3975 1213 4054 Ques
1250 3975 1367 4040 rerba.

305 4081 377 4160 quin
402 4082 433 4146 et
456 4081 494 4146 ab
518 4080 686 4146 editoribus
712 4081 743 4146 et
765 4100 783 4146 a
806 4082 929 4146 Klotzio
963 4084 1046 4147 recte
1078 4081 1210 4147 secundo
1243 4083 1335 4167 origg.
