2972 4710
567 417 812 478 —117-

176 602 290 668 Catoni
321 603 358 668 ci.
390 601 638 668 Sehoendoerffer
664 622 695 685 p.
729 605 759 667 9.
814 599 954 680 Accedit,
979 600 1061 683 quod
1089 599 1217 666 dubium

181 711 238 789 eet,
260 714 364 774 utrum
393 709 487 775 verba
524 709 567 786 ,id
606 710 741 774 maxime
780 709 840 774 seri
863 709 994 790 oportei‘
1034 707 1073 772 ad
1112 725 1217 773 ornnes

179 818 336 900 quattuor,
369 836 449 897 quae
472 817 676 894 nominantur,
700 816 803 898 fruges
826 814 986 880 referenda
1018 815 1140 880 niutan
1176 814 1217 880 'ad

175 925 319 1008 panicum
347 925 455 1001 solum,
487 925 591 1006 paullo
619 927 691 1006 poet
722 925 829 989 eontra
853 921 1023 988 dilucidum
1051 923 1108 1000 est,
1140 922 1215 1003 quid

174 1032 388 1109 ve1·ba·,eam
421 1031 551 1095 maxime
584 1032 687 1096 serito‘
724 1031 783 1095 sibi
817 1030 924 1095 velint.
984 1029 1101 1094 Deinde
1134 1030 1216 1111 quod
1299 1071 1302 1076 >

180 1140 278 1205 Varro
298 1139 376 1204 dicit
409 1140 535 1218 ,circum
568 1138 717 1216 fundum‘,
755 1137 831 1203 Cato
866 1138 991 1216 ,circum
1027 1155 1152 1202 coronae
1185 1138 1217 1202 et

175 1247 291 1313 circum
319 1248 398 1312 viae‘
429 1246 630 1330 premendum
660 1265 719 1310 non
755 1251 812 1323 eet,
848 1245 931 1326 quod
961 1243 1012 1309 hic
1046 1246 1214 1309 Varronem

176 1356 394 1441 neglegentius
417 1356 514 1419 citare
538 1358 606 1419 toto
629 1351 792 1419 verborum
816 1372 897 1418 nexu
920 1357 1058 1435 apparet.
1105 1352 1213 1433 Neque

173 1484 246 1530 vero
271 1467 338 1528 erat
362 1482 456 1528 cause
476 1462 642 1528 omittendi
666 1463 759 1526 verba
791 1461 831 1538 ,in
857 1460 900 1525 eie
923 1460 1001 1525 loeis
1029 1459 1112 1542 ripae
1135 1460 1212 1538 aut‘,

177 1573 251 1654 quia
274 1591 351 1654 quae
375 1571 413 1635 ad
436 1571 502 1655 agri
526 1571 668 1634 naturam
691 1573 723 1634 et
744 1569 896 1634 sationem
916 1568 1083 1651 pertinent,
1110 1569 1213 1633 omnia

172 1679 408 1746 accuratissime
430 1679 599 1743 Varronem
622 1677 730 1741 afferre
754 1677 818 1740 iam
843 1694 937 1757 supra
964 1674 1095 1740 vidimus
1126 1695 1212 1741 eum-

172 1808 232 1870 que
269 1787 318 1852 hic
353 1786 451 1850 denuo
485 1785 526 1849 ad
562 1785 687 1849 verbum
725 1785 820 1848 citare
858 1783 1001 1865 proxima
1035 1783 1210 1848 ostendunt.

173 1895 368 1975 Simulatque
404 1898 510 1958 autern
543 1892 619 1957 Cato
643 1892 681 1956 ad
706 1893 860 1956 culturam
887 1889 1009 1968 transit,
1047 1889 1212 1956 Varronem

172 2022 296 2068 sensum
319 2006 442 2066 tantum
463 2000 589 2065 reddere
613 1999 684 2062 inde
699 1999 842 2076 efficitur,
868 1996 949 2077 quod
965 1998 1033 2062 loco
1049 1999 1211 2063 uerborum
1307 2076 1312 2086 ι

171 2129 256 2189 ,nam
287 2108 431 2173 convenit
452 2107 690 2172 harundinetnm
712 2125 782 2170 oum
807 2105 945 2183 corruda,
979 2123 1013 2168 eo
1035 2105 1109 2184 quia
1131 2105 1211 2170 fodi-

173 2219 224 2283 tur
249 2218 280 2282 et
298 2216 474 2281 incenditur
489 2215 520 2280 et
543 2215 684 2279 umbram
697 2233 750 2296 per
766 2215 887 2294 tempus
903 2211 1007 2289 habet,
1026 2211 1209 2293 simpliciter

170 2325 258 2408 ponit
279 2325 394 2407 ,aptam
420 2341 486 2387 esee
510 2321 634 2402 utrique
659 2321 787 2386 eandem
810 2321 872 2385 iere
894 2320 1069 2384 culturam‘.

260 2433 358 2496 Varro
382 2431 405 2508 l,
434 2433 475 2495 58
497 2429 534 2494 ci.
560 2427 636 2493 Cato
660 2450 684 2495 1·.
709 2449 733 2493 r.
759 2431 833 2506 7,1.
874 2429 927 2492 ubi
948 2431 1115 2494 maximam
1138 2445 1209 2511 par-

170 2540 235 2603 tem
260 2536 366 2602 eadem
386 2537 541 2618 leguntur,
567 2555 755 2619 quamquam
777 2534 905 2600 Catonis
928 2537 1014 2601 locus
1049 2540 1210 2622 corruptus

172 2647 228 2724 esi,
254 2647 302 2710 ita
325 2646 369 2708 ut'
384 2644 421 2708 de
444 2644 502 2708 hoc
525 2644 592 2707 loeo
617 2646 734 2708 certum
749 2643 897 2708 iudicium
920 2643 1047 2726 proferri
1066 2651 1208 2728 nequeat.

170 2755 290 2818 Tamen
303 2751 414 2830 nesci0,
437 2770 475 2815 an
492 2751 543 2815 hie
560 2771 680 2834 quoque
695 2753 790 2816 verba
808 2752 849 2828 ,in
865 2752 943 2815 lora‘
960 2752 991 2816 ei
1006 2753 1046 2830 ,in
1063 2754 1208 2820 vinaceie‘

169 2859 398 2944 interpolatoris
418 2877 545 2925 manum
569 2859 715 2926 indicent,
737 2906 740 2912 -
761 2861 796 2923 In
819 2859 953 2942 proximi
977 2860 1088 2942 capitis
1118 2861 1207 2927 initio

168 2969 267 3032 Varro
291 2967 355 3032 sine
381 2965 473 3030 dubio
497 2965 644 3032 Catonern
670 2968 739 3032 ante
764 2968 869 3031 oculos
892 2967 1037 3034 habebat.

263 3075 401 3156 Denique
426 3076 525 3140 Varro
546 3077 569 3155 l,
596 3079 647 3155 60,
675 3096 734 3158 quo
759 3075 958 3140 confirmatur
980 3075 1104 3144 Catonis
1139 3098 1206 3162 cap.

167 3183 237 3261 Vll,
263 3187 294 3246 4.

258 3293 307 3356 Ex
344 3291 397 3369 eie,
433 3307 509 3374 quae
544 3293 646 3357 adhuc
682 3289 921 3374 disputavimuS,
955 3291 1088 3358 efficitur
1122 3295 1207 3361 nullo

169 3400 259 3465 modo
282 3417 351 3464 cum
376 3399 501 3463 Klotzio
526 3400 585 3465 diei
616 3419 715 3482 posse,
746 3401 916 3463 Varronem
947 3397 1073 3466 Catonis
1094 3403 1206 3469 librum

167 3509 257 3591 plane
282 3504 391 3571 eadem
415 3505 512 3571 forma
534 3509 565 3573 in
589 3505 737 3597 {manibus
760 3508 904 3572 haberiese
942 3528 1002 3590 qua
1035 3530 1098 3590 nos,
1136 3531 1204 3578 eum

167 3635 321 3700 perpauca
355 3615 476 3679 tantum
512 3617 613 3698 capita
645 3617 697 3694 eie,
729 3633 807 3698 quae
835 3603 934 3680 Varro
962 3617 1058 3696 affert,
1095 3621 1205 3684 confir-

167 3727 299 3788 mentur.
347 3725 444 3789 Immo
474 3723 608 3788 vidimus
640 3743 675 3788 ex
703 3725 838 3788 Varrone
867 3724 946 3790 effici
980 3725 1098 3791 dnobus
1128 3729 1204 3793 loeis

171 3831 296 3897 Catonis
317 3831 430 3895 librum
453 3832 810 3915 graviueinterpolatum
835 3851 910 3909 esee,
935 3832 1080 3897 nimirum
1112 3839 1205 3917 caput

172 3940 235 4004 160
260 3937 297 4003 de
320 3938 396 4003 luxu
421 3943 452 4003 et
471 3958 537 4020 cap.
566 3941 629 4003 124
654 3939 690 4003 de
714 3939 850 4017 canibus,
876 3944 1038 4022 praeterea
1068 3960 1139 4006 vero
1171 3944 1203 4009 in

168 4046 212 4114 eia
236 4064 354 4129 quoque
379 4037 540 4128 capitibus,
577 4066 654 4129 quae
684 4048 828 4115 Varronis
863 4049 939 4114 locis
975 4048 1201 4135 confirmantur,
