2972 4710
738 814 839 877 Pars
861 813 900 890 V,

338 1009 400 1092 lle
425 1008 533 1090 libri
559 1007 611 1088 rie
637 1005 906 1106 agricultura
931 1006 1120 1104 genuina
1144 1005 1304 1090 forma.

395 1213 459 1276 Iam
500 1210 598 1295 igitur
620 1209 654 1273 iu
677 1227 711 1273 eo
748 1213 805 1287 est,
839 1213 884 1273 ut
916 1228 962 1288 ea,
996 1228 1075 1289 quae
1115 1229 1154 1276 ex
1186 1211 1346 1294 prioribus
1454 1259 1455 1264 η

304 1319 456 1402 capitibus
491 1317 674 1394 efficiuntur,
711 1317 894 1400 colligamus
941 1317 1133 1399 formamque
1172 1320 1344 1404 genuinam
1454 1339 1455 1354 ¹

302 1430 375 1493 libri
396 1427 432 1492 de
453 1427 642 1510 agricultura
666 1425 904 1489 constituamus.
951 1424 1077 1490 Certum
1108 1427 1244 1497 ordinem
1268 1429 1346 1492 huic

303 1536 383 1601 libro
409 1535 445 1599 de
470 1533 660 1614 agricultura
681 1532 775 1597 fuisse
812 1534 847 1597 ut
866 1552 921 1616 per
944 1553 975 1598 se
1000 1534 1166 1599 verisimile
1202 1536 1258 1613 est,
1297 1536 1346 1600 ita

304 1644 353 1708 vel
375 1643 433 1706 hoc
456 1640 726 1723 perturbatissime
748 1640 820 1705 libri
843 1641 947 1705 ordine
971 1641 1094 1722 probari
1117 1643 1200 1706 recte
1217 1643 1346 1708 Keiiius

303 1772 333 1834 p.
349 1753 389 1815 69
413 1768 497 1829 sequ.
524 1747 608 1812 dreit.
655 1747 794 1825 Accedit,
821 1748 902 1829 quod
923 1745 998 1813 Cato
1023 1749 1054 1812 in
1078 1749 1181 1832 capite
1207 1753 1259 1828 33,
1285 1753 1346 1816 ubi
1454 1807 1455 1814 ,

305 1858 344 1924 ad
370 1858 546 1934 sementem,
583 1874 662 1935 quae
687 1855 747 1919 iarn
771 1856 863 1920 antea
893 1856 1126 1935 tractatuum,
1159 1857 1251 1936 redit,
1288 1879 1345 1923 ex-

302 1965 417 2050 pressis
448 1964 552 2030 verbis
588 1963 667 2028 dicit
697 1963 797 2040 ‚redeo
830 1962 869 2028 ad
904 1965 1085 2029 sementim‘.
1134 1963 1213 2030 Cum
1243 1967 1345 2050 igitur

303 2073 422 2140 veniam
446 2073 534 2154 quasi
556 2069 719 2153 petendam
738 2088 803 2136 esse
827 2073 991 2152 putaverit,
1024 2072 1106 2154 quod
1138 2091 1243 2138 rerum
1266 2093 1345 2138 cou-

302 2181 511 2245 tinuationem
531 2178 703 2261 interrupit,
742 2177 888 2243 credibile
921 2199 980 2244 uou
1008 2180 1066 2257 est,
1099 2179 1188 2244 illum
1219 2181 1345 2261 reliqua

303 2291 368 2354 sine
404 2287 508 2352 ordine
545 2305 582 2350 ae
614 2286 734 2350 ratione
769 2285 945 2368 protulisse.
989 2287 1036 2352 Ac
1057 2287 1191 2370 primum
1216 2289 1344 2370 quidem

303 2415 381 2478 quae
402 2395 436 2459 iu
457 2393 581 2476 praedio
601 2393 777 2458 instruendo
813 2394 967 2473 sequenda
1002 2395 1072 2473 sint,
1102 2395 1237 2479 praecipi
1268 2397 1343 2462 iude

303 2524 321 2568 a
345 2523 410 2585 cap.
441 2503 548 2567 1-22
573 2505 656 2566 recte
679 2501 799 2566 Keilius
822 2503 961 2567 annotat.
1008 2504 1073 2568 lam
1089 2522 1181 2585 supra
1204 2503 1343 2570 vidimus

306 2611 455 2676 sermonis
478 2609 632 2674 rationem
655 2609 791 2691 capitum
825 2613 908 2674 1-5
941 2610 1097 2695 graviores
1130 2610 1343 2678 dubitationes

301 2738 362 2783 uou
398 2736 530 2794 movere,
566 2736 637 2781 uam
661 2716 854 2794 coniunctim,
891 2719 965 2797 quia
1006 2717 1043 2781 do
1083 2718 1178 2782 tertia
1209 2738 1343 2801 persona

302 2826 396 2890 verba
416 2824 504 2903 fiunt
531 2824 692 2906 suspiciosi
712 2843 769 2888 nou
783 2827 864 2903 sunt,
893 2844 985 2907 quare
1002 2824 1112 2890 Catoni
1133 2826 1343 2892 abiudicauda

303 2953 369 2999 esse
392 2953 450 2998 nou
465 2932 616 2998 videntur.
663 2931 801 3009 Accedit,
828 2931 910 3011 quod
934 2933 1102 2997 extremum
1125 2934 1139 2997 Ι
1164 2936 1257 3015 caput
1283 2925 1343 3016 per
1454 2991 1455 3002 ,

302 3043 471 3106 Varronem
483 3039 689 3104 confirmatur.
716 3038 778 3103 Sed
793 3039 907 3117 nescio,
925 3057 964 3102 an
979 3039 1050 3104 iude
1065 3059 1085 3104 a
1100 3040 1294 3124 paragrapho
1319 3045 1340 3107 6

303 3149 415 3230 capitis
440 3148 460 3212 5
491 3166 605 3212 novum
631 3147 723 3229 caput
749 3146 955 3228 incipiendum
986 3147 1037 3225 sit,
1075 3148 1121 3211 ita
1149 3151 1186 3211 ut
1219 3148 1341 3227 reliqua
1454 3153 1455 3198 l

307 3274 366 3319 uon
389 3256 453 3319 iam
477 3255 577 3332 vilico,
602 3253 655 3318 sed
680 3253 801 3318 domino
824 3254 1023 3337 imperentur.
1071 3254 1283 3320 Coniunctivis
1305 3257 1341 3320 et

301 3359 492 3444 imperativis
516 3360 604 3426 velut
637 3379 719 3439 cave,
755 3360 943 3440 incestale
979 3360 1144 3426 verisimile
1178 3362 1244 3427 fieri
1279 3363 1340 3428 hoc
1454 3359 1455 3362 ’

301 3474 395 3554 caput
425 3489 463 3534 ex
495 3468 664 3534 recentiore
692 3468 791 3533 forma
818 3469 1016 3550 desumptum
1045 3473 1111 3534 este
1146 3470 1210 3534 iam
1244 3489 1339 3553 supra

305 3578 516 3642 annotavimus
537 3596 592 3641 uec
606 3576 721 3654 dubito,
744 3576 818 3656 quin
834 3580 904 3640 ante
927 3577 1021 3640 verba
1043 3586 1167 3654 „aratra
1181 3596 1338 3642 vomeres-

303 3704 361 3766 que
383 3684 475 3749 facito
499 3685 547 3748 uti
571 3685 665 3748 bonos
694 3683 829 3747 habeesr
862 3683 1058 3748 inserendum
1090 3684 1130 3748 sit
1167 3686 1259 3767 caput
1283 3687 1335 3763 62,

303 3791 385 3873 quod
408 3793 474 3856 loco
506 3792 597 3874 plane
630 3790 734 3873 inepto
760 3790 883 3874 legitur,
920 3790 947 3854 si
979 3790 1103 3872 quidem
1126 3790 1252 3856 Catonis
1277 3795 1335 3855 est.

304 3897 385 3964 Mihi
406 3898 465 3964 hoc
485 3899 578 3981 caput
600 3899 638 3962 ab
659 3897 720 3961 alio
741 3897 880 3962 additum
904 3917 972 3963 esse
1003 3897 1132 3962 videtur.
1180 3898 1283 3980 Atque
1306 3898 1338 3961 iu

302 4007 488 4087 capite142
520 4006 618 4070 denuo
647 4004 780 4070 breviter
815 4004 911 4082 vilici,
947 4004 1055 4070 deiude
1089 4004 1198 4070 vilicae
1234 4003 1337 4070 officia
