2972 4710
572 390 813 454 —135-

161 575 245 640 reete
268 575 352 638 ferax
386 575 453 652 erit,
490 593 567 657 qnae
604 577 690 640 arida
726 579 823 655 erunt,
860 579 891 642 et
926 579 952 642 si
987 579 1063 661 quid
1099 582 1207 646 vontus

160 681 380 762 interiregerit,
405 680 476 744 iude
501 700 536 746 ea
558 683 660 746 omnia
684 683 818 748 eximito.
847 703 907 765 qua
930 688 1017 752 loeus
1041 689 1125 755 ferax
1148 711 1206 756 000

160 788 230 866 erit,
264 788 297 852 id
316 788 387 870 plus
412 789 563 852 concidito
586 791 733 871 aratoque
758 791 834 855 bene
860 794 1053 878 enodatoque
1083 803 1205 886 stirpis-

159 913 220 974 que
240 895 324 960 leves
347 894 450 959 facito.
487 896 562 962 haee
581 897 682 961 omnia
699 897 737 960 ad
761 899 889 963 verbum
914 901 1044 969 redeunt
1064 927 1111 990 ap.
1137 910 1203 977 Cat.

158 1001 271 1065 XLIV.
294 1021 296 1025 ·

251 1128 274 1171 r.
296 1128 320 1172 r.
346 1113 388 1173 45
405 1135 443 1162 =
458 1108 538 1172 Pliu.
561 1108 660 1187 XVII,
684 1112 734 1188 18,
763 1112 843 1176 125:

251 1215 350 1279 taleas
372 1215 555 1298 oleagineae,
582 1235 658 1296 quas
682 1217 713 1279 in
734 1220 842 1283 sorobe
866 1223 989 1289 saturus
1014 1229 1083 1306 erle,
1107 1232 1203 1315 tripe-

157 1321 274 1393 daneas
295 1321 388 1386 facito
413 1321 637 1404 diligenterque
655 1324 798 1402 tractato,
822 1346 859 1391 00
884 1328 962 1394 liber
980 1332 1108 1415 laboret,
1132 1359 1202 1404 oum

156 1427 278 1492 dolabis
318 1430 371 1492 aut
406 1429 535 1492 seoabis.
585 1449 662 1510 quas
695 1431 726 1493 in
767 1429 929 1499 seminario
966 1441 1088 1506 saturus
1131 1447 1200 1526 eris,

154 1534 283 1616 pedales
308 1536 411 1613 facito,
438 1555 491 1600 eas
514 1537 558 1600 sie
577 1537 721 1602 inserito:
742 1538 830 1604 loeus
853 1541 968 1624 bipalio
993 1549 1140 1616 subactus
1160 1556 1202 1630 sit

154 1641 293 1722 beneque
331 1642 461 1724 glutlue.
511 1661 580 1706 oum
619 1644 734 1708 taleam
774 1646 928 1730 domities
968 1655 1046 1735 pede
1085 1659 1201 1729 taleam

156 1747 336 1829 opprimite.
387 1749 413 1814 si
444 1768 553 1831 parum
590 1750 763 1830 descendat,
801 1755 944 1822 malleolo
982 1763 1036 1826 aut
1066 1768 1201 1843 mateola

153 1853 274 1938 adigito
299 1857 466 1937 oauetoque
491 1876 528 1920 00
560 1857 673 1921 librum
698 1859 829 1938 scindas,
868 1882 938 1927 oum
974 1867 1092 1952 adiges
1128 1877 1199 1957 0010

152 1961 241 2043 prius
265 1961 367 2026 looum
392 1983 429 2026 ne
455 1962 573 2041 leoena,
607 1983 667 2045 quo
690 1967 804 2030 taleam
829 1968 984 2050 demittas,
1019 1976 1064 2041 ita
1087 1982 1198 2048 melius

151 2067 246 2132 vivet.
282 2069 380 2133 taleae
404 2069 457 2133 ubi
482 2069 590 2135 trimae
615 2073 709 2150 sunt,
741 2075 808 2137 tum
838 2074 970 2159 denique
1002 2101 1093 2149 ouras
1126 2091 1196 2167 sint,

156 2176 212 2239 ubi
245 2175 323 2239 liber
343 2195 375 2240 se
408 2178 518 2241 vertet.
560 2178 587 2241 si
607 2178 637 2241 in
661 2181 820 2246 sorobibus
844 2185 898 2248 aut
928 2187 1075 2254 insulsis
1105 2213 1198 2275 seras,

148 2283 253 2346 ternas
277 2282 375 2346 taleas
395 2284 500 2364 ponito
528 2303 641 2366 easque
676 2286 851 2354 divarioato.
890 2311 984 2376 supra
1007 2298 1119 2364 terram
1157 2324 1196 2369 00

149 2391 222 2475 plus
246 2389 392 2470 quattuor
417 2389 532 2474 digitos
552 2392 742 2458 transversos
767 2397 919 2462 emineant
948 2403 997 2466 vel
1020 2407 1107 2471 ooulo
1131 2430 1195 2476 ser-

149 2499 223 2564 vato
248 2497 318 2578 (hoo
335 2497 513 2579 corruptum
530 2517 596 2562 0000
612 2499 744 2580 videtur,
769 2523 839 2568 nam
864 2504 939 2570 Cato
956 2509 1050 2576 habet
1066 2517 1193 2602 oeulos).

150 2606 238 2669 Haec
264 2603 367 2668 omnia
392 2603 583 2669 adverbum
609 2607 720 2670 extant·
747 2629 794 2691 ap.
821 2609 969 2678 Catonem
994 2621 1046 2682 45.
1096 2620 1195 2706 Caput

149 2716 195 2778 46
220 2732 267 2794 00.
293 2711 430 2775 Plinium
453 2731 511 2775 000
536 2712 659 2779 citatur.
708 2716 804 2798 Atqui
826 2720 927 2785 multa
955 2723 986 2786 iu
1011 2745 1046 2790 00
1067 2747 1193 2796 narran-

148 2825 211 2897 tur,
246 2820 378 2901 quaein
403 2837 469 2902 cap.
498 2823 540 2894 45
577 2823 608 2885 et
636 2823 704 2904 ipsa
739 2826 850 2903 extant,
889 2828 944 2893 sed
977 2832 1069 2914 01000
1103 2838 1195 2904 aliter

149 2928 335 3010 eomparate.
384 2927 465 2991 Nam
497 2947 563 3010 000.
596 2933 637 2994 45
674 2931 806 2998 oolo'rem
842 2936 941 3002 multo
975 2940 1194 3024 elegantiorem

150 3035 182 3100 et
210 3033 396 3098 limatiorem
420 3035 524 3112 habet,
557 3038 649 3118 eaput
673 3042 716 3104 46
746 3025 901 3106 rudiorem
923 3045 954 3108 et
980 3049 1192 3120 vetustiorem.

149 3140 188 3206 of.
215 3160 279 3224 000.
306 3145 364 3206 46ε
401 3141 432 3205 in
461 3144 675 3224 sesquipedem
714 3165 961 3229 quoquovorsum
992 3155 1105 3222 taleam
1139 3160 1193 3225 de-

148 3248 267 3312 mittito
297 3249 522 3330 opprimitoque
557 3250 644 3331 pede.
691 3271 755 3335 000.
790 3257 850 3320 45:
892 3276 962 3323 oum
995 3262 1108 3329 taleam
1139 3267 1192 3333 de-

149 3355 266 3433 mittas,
292 3355 369 3436 pede
393 3356 507 3420 taleam
532 3358 706 3439 opprimite.
731 3359 839 3426 deinde
864 3383 942 3445 quae
962 3371 1142 3452 sequuntur,
1166 3376 1192 3440 si

148 3478 259 3546 parum
285 3461 454 3544 deprimere
478 3464 604 3545 poteris,
627 3467 739 3531 malleo
757 3469 811 3532 aut
837 3472 971 3538 mateola
990 3476 1107 3560 adigito
1125 3500 1189 3566 000.

148 3573 209 3632 45ε
240 3569 396 3650 siparum
420 3569 584 3636 desoendet·
615 3574 672 3638 eet.
710 3574 796 3653 addo,
827 3596 904 3657 quae
933 3601 1026 3665 supra
1056 3585 1092 3650 de
1121 3607 1189 3652 000-

147 3677 292 3740 iunetivie
323 3677 465 3742 diximus.
514 3679 614 3758 Quare
649 3701 837 3766 quamquam
865 3686 964 3752 dicere
998 3711 1058 3756 000
1094 3695 1190 3760 audeo

148 3785 240 3866 eaput
260 3787 303 3848 45
333 3784 410 3847 nihil
432 3804 498 3850 esse
517 3787 577 3851 uisi
608 3789 807 3855 reoeutiorem
832 3793 961 3860 formam
991 3799 1100 3880 eapitis
1136 3806 1189 3881 46,

147 3890 219 3970 quia
244 3891 276 3953 in
296 3892 395 3974 eapite
421 3895 604 3958 talantum
629 3895 665 3960 de
688 3897 778 3962 taleis
802 3900 968 3982 oleagineis
992 3907 1188 3989 praecipitur,

145 3998 265 4081 inoap.
289 4002 332 4062 46
356 3998 392 4064 00
414 4001 586 4085 seminario,
624 4003 655 4068 id
693 4026 746 4092 pro
780 4009 863 4073 certo
894 4029 1069 4078 asseverare
1099 4034 1190 4096 posse
