3018 4716
706 427 925 488 ..64-

291 621 359 684 tum
381 618 485 684 variae
507 617 623 682 tonnae
645 615 851 692 inveniuntur,
875 632 1007 694 quarum
1031 613 1109 679 aliae
1138 614 1192 678 alii
1222 615 1331 679 ortho-

292 726 442 812 graphiae
467 725 593 789 Latinae
618 723 716 789 aetati
736 719 988 787 accommodatae
1012 722 1084 786 sunt
1112 725 1143 786 ct
1172 725 1336 787 testantur

294 833 394 900 varias
417 836 522 897 restes
543 831 649 896 Plauti
665 829 840 896 comoedias
854 827 991 894 induisse
1007 829 1059 913 (ef.
1077 828 1206 893 Ritsobl.
1225 848 1332 912 opusc,

290 942 331 1018 ll,
357 943 422 1006 622
445 939 544 1022 sequ.)
569 937 651 1021 apud
667 937 814 1004 Catonem
832 937 1009 1002 constanter
1032 935 1140 1002 eadem
1156 936 1235 1003 ratio
1253 937 1333 1002 scri-

298 1046 395 1112 bendi
419 1047 553 1122 tenetur,
576 1044 658 1126 quod
679 1049 763 1110 certe
787 1043 905 1110 laetum
927 1063 985 1108 non
1011 1045 1101 1121 esset
1127 1044 1153 1108 si
1168 1044 1336 1126 paullatim

290 1174 344 1238 per
366 1153 509 1218 librarios
531 1171 567 1218 ea
598 1153 721 1218 mutata
755 1152 845 1217 esset.
891 1151 1065 1217 Nonnullae
1100 1170 1172 1216 vero
1204 1152 1331 1231 somnae,

259 1279 368 1344 ‚qnae
401 1261 534 1326 colorem
568 1260 726 1343 vetustum
748 1279 806 1324 non
827 1258 916 1342 plane
953 1259 1122 1324 amiserunt
1155 1259 1242 1325 velut
1274 1279 1334 1345 ge-

292 1368 437 1434 rundium
471 1367 503 1432 in
530 1403 572 1416 —
604 1366 715 1445 undas,
751 1367 932 1449 superlativi
964 1367 996 1431 in
1032 1405 1073 1414 -
1097 1385 1198 1444 umus,
1233 1367 1331 1446 verto,

292 1493 402 1543 vorsus
424 1477 474 1540 cet
496 1475 615 1555 quoius,
640 1473 738 1551 boias,
775 1493 866 1554 quom
895 1475 1077 1540 sententiam
1101 1477 1236 1541 nostram
1269 1494 1331 1540 nnn

294 1583 450 1661 refellunt,
486 1582 561 1662 quia
588 1601 627 1646 ne
650 1581 806 1648 Ciceronis
842 1587 874 1648 et
896 1563 1035 1668 Augusti
1068 1581 1192 1662 quidem
1227 1582 1331 1646 aetate

293 1691 386 1774 plane
409 1689 576 1754 inusitatae
596 1689 721 1755 fuerunt
744 1688 887 1772 (Corssen
902 1691 943 1768 ΙΙ,
963 1692 1036 1754 181.
1063 1691 1135 1754 182.
1160 1689 1332 1756 Buecheler

294 1817 374 1864 mus.
391 1797 488 1862 Rhen.
507 1799 571 1861 297
594 1801 627 1861 et
647 1815 723 1876 quae
740 1797 779 1862 ad
792 1797 914 1882 singula
925 1796 1075 1862 vocabula
1091 1796 1331 1880 disputavimus)

291 1907 386 1970 immo
407 1905 552 1982 indicant,
587 1923 697 1970 nonam
730 1905 816 1970 illam
845 1903 970 1970 Catonis
1004 1905 1190 1987 scriptorum
1223 1923 1330 1970 recan-

293 2014 412 2079 sionem
434 2012 572 2097 Augusti
600 2013 795 2095 imperatoris
823 2016 927 2078 aetate
958 2013 1071 2077 lectam
1106 2031 1183 2078 esse.
1241 2012 1331 2076 Aliae

293 2121 380 2187 velut
393 2120 408 2184 l
416 2120 428 2184 i
437 2139 506 2184 eos
524 2137 646 2184 sacen
657 2120 768 2185 tinas
781 2123 840 2213 cet,
866 2120 1005 2185 mutatae
1017 2139 1076 2184 non
1088 2120 1169 2197 sunt,
1183 2119 1329 2200 quianon

292 2229 354 2294 iam
377 2225 641 2311 intellegebantur
664 2232 719 2292 ant
741 2227 866 2293 termini
893 2226 1034 2304 technici,
1068 2245 1144 2306 quos
1175 2244 1231 2291 nos
1258 2226 1329 2290 bar·

291 2337 365 2402 bare
389 2335 531 2411 dicimus,
558 2339 652 2400 erant.
702 2334 802 2415 Quare
823 2353 891 2400 mea
913 2331 1037 2414 quidem
1061 2334 1217 2399 sententia
1240 2333 1328 2398 oolli-

292 2463 363 2530 gere
384 2443 460 2508 licet
495 2447 527 2507 et
553 2443 667 2507 librum
695 2442 732 2508 de
760 2441 952 2527 agricultura
983 2443 1015 2506 et
1047 2441 1181 2522 reliquos
1205 2440 1329 2506 Catonis

291 2552 398 2628 libros,
420 2550 532 2632 quippe
557 2550 610 2631 qni
633 2550 755 2632 saepius
778 2551 961 2631 legerentur,
995 2549 1132 2634 Augusti
1153 2553 1256 2614 aetate
1277 2569 1328 2614 re-

294 2659 468 2724 censionem
487 2677 594 2739 passoa
619 2676 695 2734 esse,
732 2675 794 2736 qua
818 2659 941 2721 vetusta
968 2657 1047 2720 ratio
1082 2656 1235 2721 scribendi
1267 2657 1328 2721 iam

293 2767 382 2832 antea
405 2785 459 2847 per
479 2764 623 2830 librarios
646 2765 696 2830 hic
719 2764 784 2828 illic
807 2769 920 2830 novata
943 2764 1034 2847 plane
1055 2763 1269 2846 expelleretur.
