2972 4710
707 423 949 484 -136—

316 609 393 677 mihi
413 611 531 676 uideor⁴
544 609 690 676 Catonern
715 611 747 675 et
770 627 806 675 aa
828 611 989 688 tractasse,
1013 627 1091 692 quae
1114 611 1146 675 in
1170 630 1236 693 cap.
1258 616 1301 677 46
1325 616 1358 677 11

317 737 361 796 ea,
388 736 465 800 quae
486 717 518 780 in
542 735 607 798 cap.
631 721 673 781 45
699 716 901 793 continentur,
934 715 989 780 sed
1017 736 1083 798 cap.
1107 718 1273 782 4611111111
1304 739 1357 783 vc-

315 825 436 889 tustum
459 827 517 900 est,
543 843 608 906 cap.
634 827 676 888 45
699 822 902 888 recentiorem
925 821 1055 888 formam
1079 822 1197 888 indicat
1224 823 1297 889 libri
1320 825 1358 889 de

315 930 533 1015 agriculturae.
581 928 659 994 Cum
684 949 755 995 vero
788 949 833 1007 ea,
874 948 953 1010 quae
976 928 1097 993 Plinius
1132 930 1230 1008 affert,
1267 930 1357 1012 plane

316 1037 511 1103 consentiant
545 1055 616 1102 curn
649 1054 714 1117 cap.
746 1039 799 1113 45,
836 1035 897 1100 alio
925 1035 993 1100 loco
1029 1037 1124 1118 caput
1161 1038 1202 1101 33
1229 1036 1355 1114 'afferat

315 1143 397 1224 quod
419 1142 576 1208 vetustum
603 1161 670 1207 esse
695 1161 788 1224 supra
824 1141 1027 1220 ostendimus,
1060 1141 1193 1206 efficitur
1221 1143 1358 1206 Plinium

314 1251 387 1314 libri
410 1249 448 1313 de
472 1249 662 1333 agricultura
684 1248 783 1313 torma
804 1267 894 1313 usum
924 1266 1000 1326 esse,
1033 1249 1065 1312 in
1096 1267 1158 1329 qua
1181 1250 1303 1314 vetusta
1327 1250 1358 1313 et

314 1357 487 1421 recentiora
516 1355 685 1420 commixta
712 1356 807 1419 arant.
862 1353 1069 1419 Confirmatur
1096 1354 1173 1419 haec
1199 1356 1359 1425 ,sentmtia

313 1463 402 1528 initio
441 1482 507 1544 cap.
542 1467 583 1527 47
614 1463 790 1544 comparato
819 1462 913 1525 Plinii
936 1462 1004 1526 loce
1036 1461 1119 1539 XVI,
1146 1465 1220 1540 173,
1265 1482 1357 1544 quem

315 1590 410 1653 supra
429 1569 468 1634 ad
492 1588 557 1652 cap.
585 1573 637 1634 46.
660 1569 833 1634 attulimus.
881 1567 1006 1633 Catonis
1026 1569 1100 1633 sunt
1124 1569 1219 1633 verba
1248 1570 1359 1647 ,sicubi

314 1678 401 1742 locus
425 1677 566 1741 umectus
591 1677 657 1754 erit,
682 1676 798 1758 bipalio
822 1676 946 1753 vortito,
972 1676 1017 1739 ibi
1040 1675 1147 1739 oculos
1177 1676 1357 1740 harundinis

313 1782 408 1868 pedes
433 1787 537 1848 ternos
561 1783 655 1848 alium
674 1784 716 1848 ab
740 1782 801 1847 alio
826 1782 936 1859 serito,
960 1782 1132 1846 recentiore
1153 1782 1358 1848 harundinem

316 1891 363 1955 sic
386 1890 492 1968 serito,
517 1890 621 1956 ternos
645 1889 741 1972 pedes
764 1889 869 1954 oculos
889 1888 1054 1970 disponite,
1080 1908 1158 1971 quae
1181 1890 1301 1970 Plinius
1326 1890 1359 1954 et

315 1997 384 2081 ipsa
406 1997 540 2081 legebat.
1072 1999 1078 2007 '

405 2104 503 2170 Valde
544 2104 749 2187 suspiciosum
793 2120 860 2168 esse
906 2103 982 2167 mihi
1020 2101 1143 2167 videtur
1178 2105 1271 2186 caput
1302 2107 1355 2182 47,
1468 2091 1469 2102 ¹

313 2230 383 2276 nam
422 2230 440 2275 a
483 2211 584 2274 Plinio
625 2229 684 2275 non
727 2210 849 2287 citatur,
899 2227 1086 2291 quamquam
1139 2209 1239 2288 XVII,
1295 2214 1357 2275 195

316 2337 404 2400 sequ.
430 2318 541 2395 omnia,
567 2337 644 2397 quae
669 2316 791 2382 devitIs
808 2315 930 2381 cultura
953 2315 1102 2381 adatone
1117 2317 1356 2398 praecipiuntur,

316 2425 416 2490 affert.
450 2423 589 2503 Accedit,
611 2423 695 2506 qnod
717 2425 748 2487 in
764 2423 864 2488 forma
879 2422 956 2494 nihil
975 2423 1092 2488 vetusti
1108 2424 1155 2488 111
1171 2423 1208 2486 cf.
1226 2424 1358 2489 maxime

320 2532 494 2614 elegantem
516 2530 678 2613 periodum
697 2530 725 2595 si
748 2547 1014 2612 pecus—ponas.
1060 2529 1201 2610 Denique
1229 2531 1305 2612 quid
1325 2532 1358 2595 in

314 2638 375 2702 hoo
410 2637 571 2702 verborum
597 2641 688 2723 {nexu
721 2636 862 2719 porsinae
896 2635 1145 2702 commemoratio
1179 2636 1239 2701 sibi
1271 2637 1358 2716 velit,
1467 2645 1468 2648 ’

315 2743 459 2826 equidem
483 2743 600 2819 nescim
624 2743 756 2807 ridicula
778 2744 827 2807 est

403 2871 428 2914 r.
452 2870 476 2914 r.
500 2851 553 2916 48.
584 2850 664 2914 Plin.
698 2849 781 2928 XVI,
809 2851 881 2926 139,
918 2867 1008 2932 quem
1030 2849 1133 2914 locum
1167 2849 1230 2914 iam
1264 2869 1359 2932 supra

313 2957 487 3022 attulimus.
533 2956 635 3034 XVII,
663 2957 713 3034 10,
740 2959 799 3020 VI:
832 2954 907 3020 Cato
937 2956 969 3019 et
998 2954 1092 3020 furcis
1116 2957 1215 3020 crates
1239 2957 1358 3040 imponi

312 3064 400 3129 iubet
415 3063 579 3128 altitudine
595 3063 728 3127 hominis
745 3063 784 3127 ad
801 3062 896 3126 solem
919 3061 1128 3144 recipiendum
1150 3063 1243 3145 atque
1258 3063 1358 3148 integi

312 3170 415 3236 culmo
439 3168 479 3234 ed
493 3168 759 3253 frigoraaroenda.
786 3170 831 3234 sic
853 3169 990 3252 pirorum
1006 3169 1217 3250 malorumque
1237 3170 1357 3234 semina

313 3277 433 3355 nutriri,
460 3276 504 3341 sic
525 3276 632 3359 pineas
653 3295 755 3355 nuces,
782 3276 826 3341 sie
857 3295 1018 3358 cupressos
1053 3275 1169 3340 semine
1204 3277 1289 3342 satas
1324 3280 1358 3342 et

311 3385 395 3467 ipsas
418 3384 457 3448 cf.
482 3386 580 3462 411.
1318 3409 1323 3412 ·

402 3512 427 3556 r.
452 3512 476 3555 r.
502 3491 694 3556 49·=P11n.
718 3490 818 3567 XVII,
841 3490 924 3555 198:
955 3490 1087 3556 Vineam
1109 3492 1247 3556 veterem
1272 3493 1299 3556 si
1323 3494 1356 3558 in

313 3599 409 3663 alium
428 3599 531 3663 locum
544 3599 710 3663 transferre
732 3597 826 3674 voles,
853 3595 1014 3661 dumtaxat
1035 3598 1195 3663 brachium
1220 3618 1356 3665 crassam

313 3705 428 3770 licebit.
455 3705 589 3788 primum
615 3705 772 3788 deputato.
798 3704 886 3768 binas
904 3722 1042 3784 gemmas
1055 3725 1092 3770 ne
1108 3706 1243 3788 amplius
1259 3707 1354 3771 relin-

314 3813 410 3894 quito.
448 3831 484 3876 11
515 3812 671 3878 radicibus
700 3812 777 3876 bene
811 3810 954 3888 exfodito,
992 3813 1024 3876 et
1057 3832 1129 3877 cave
1164 3813 1282 3878 radices
1317 3835 1355 3879 ne
1465 3799 1466 3818 ¹

313 3918 440 3984 saucies.
463 3919 508 3983 ita
531 3920 578 3983 uti
601 3918 702 3996 fuerit,
728 3918 833 4000 ponito
857 3918 1010 3983 inscrobe
1027 3921 1127 3984 autin
1149 3922 1235 3987 sulco
1254 3923 1354 4004 operi-

312 4030 407 4109 toque
433 4028 466 4091 et
488 4026 565 4092 bone
579 4026 747 4096 occulcato.
773 4026 944 4114 eodemque
968 4026 1058 4091 modo
1083 4027 1204 4094 vineam
1228 4029 1355 4098 statuite
