2972 4710
431 437 757 500 ,-93-

123 626 226 690 minus
251 625 340 690 deest
360 646 385 688 r.
411 646 435 689 r.
463 626 513 690 17.
528 628 580 690 45.
604 625 662 706 frg.
687 627 783 703 24,9.
817 629 871 704 48,
885 632 917 692 4.
947 632 999 706 11,
1015 629 1065 694 18.
1091 650 1115 694 r.
1138 650 1162 694 r.
1292 679 1294 686 .

124 737 179 800 49:
205 735 257 799 89.
285 735 358 798 113.
397 731 646 798 Schoendoerffer
668 755 698 817 p.
725 736 776 800 50.
803 733 890 813 adde,
916 735 1051 817 quaeda
1075 737 1163 822 poly-

124 840 254 925 syndeto
292 839 369 904 dixit
413 839 538 904 Jordan.
574 841 693 921 quaest.
728 839 835 906 Geton.
869 862 899 924 p.
925 845 976 922 78,
1014 843 1050 909 de
1074 864 1164 930 asyn-

126 948 199 1012 deto
223 946 351 1013 Jordan.
387 947 407 1011 l.
434 967 459 1011 c.
497 947 535 1010 ci.
559 946 638 1012 Gall.
671 947 756 1026 XIII,
782 950 901 1026 25,12.
942 951 981 1030 Χ,
1007 953 1036 1031 3,
1056 956 1085 1016 7.
1123 953 1162 1030 Π,

125 1059 180 1135 22,
195 1057 246 1120 28.
273 1057 325 1121 29.
349 1055 478 1137 denique
500 1055 536 1118 de
562 1074 795 1140 synonymorum
818 1058 1046 1124 coacervatione
1069 1060 1161 1124 idem.

216 1161 320 1244 Atque
341 1163 573 1248 polysyndeton,
612 1162 693 1244 quod
727 1164 759 1227 in
783 1165 970 1232 orationibus
1005 1167 1036 1231 et
1064 1169 1162 1252 origg.

126 1270 308 1353 saepissime
334 1273 432 1349 extat,
456 1271 487 1334 in
503 1271 582 1334 libro
605 1269 641 1334 de
658 1289 723 1350 agr.
747 1287 899 1352 nusquam
922 1273 984 1338 fere
1008 1275 1165 1341 invenitur

126 1379 189 1442 nisi
209 1379 239 1442 iu
264 1378 465 1460 praefatione,
487 1379 569 1459 quod
584 1379 696 1442 mirum
712 1383 846 1458 nonest,
872 1380 946 1460 quia
961 1382 1163 1463 praefationis

127 1486 263 1551 elocutio
286 1486 423 1551 maxime
447 1505 517 1551 oum
540 1505 585 1564 ea,
621 1505 700 1567 quae
724 1487 756 1550 in
778 1487 876 1572 origg.
909 1488 1165 1572 orationibusque
1255 1555 1257 1560 ,
1349 1517 1351 1524 ·

127 1593 295 1671 invenitur,
331 1594 495 1658 consentit.
543 1592 698 1679 Asyndeti
734 1594 874 1676 exempla
898 1615 913 1660 θ
936 1596 1017 1662 libro
1039 1597 1076 1663 de
1097 1617 1163 1682 agr.

130 1701 225 1765 affero
249 1701 303 1765 vix
327 1721 404 1785 opus
428 1707 476 1767 est
491 1701 528 1766 cf.
554 1705 584 1780 2,
599 1705 635 1779 2;
660 1705 689 1766 3.
714 1702 746 1765 in
769 1719 951 1785 unoquoquo
978 1705 1040 1771 fere
1064 1707 1167 1789 capite

126 1809 221 1874 huius
245 1827 320 1874 usus
345 1810 487 1892 exempla
521 1814 637 1874 extent.
685 1810 810 1875 Tertiae
842 1813 1051 1895 proprietatis,
1087 1833 1167 1894 quae

127 1918 321 1982 orationibus
346 1917 582 1983 accommodata
605 1922 662 1995 est,
699 1919 730 1982 in
754 1917 833 1983 libro
867 1918 904 1984 de
924 1939 990 2008 agr.
1028 1923 1168 2005 exempla

127 2045 190 2090 non
212 2025 409 2092 inveniuntur
429 2025 489 2090 nisi
513 2025 594 2106 quod
616 2026 652 2090 in
671 2026 861 2108 praefatione
886 2029 1003 2109 legitur
1034 2029 1166 2111 ,perieu-

126 2135 230 2199 losum
254 2135 526 2199 etcalemitosum‘
549 2135 582 2199 et
604 2109 792 2198 ibidem‘bis
814 2135 966 2217 repetitur
988 2140 1048 2214 ,θεῖ
1070 2136 1167 2202 inter-

128 2241 202 2308 dum
224 2243 382 2325 praestare
406 2241 589 2306 mercaturis
611 2261 676 2306 rem
706 2260 863 2322 quaerere,
898 2242 959 2306 nisi
980 2247 1047 2308 tam
1085 2245 1167 2328 peri-

128 2349 270 2416 culosum
294 2350 365 2414 siet‘
389 2354 421 2415 θῖ
444 2349 527 2414 infra
550 2350 764 2427 ,mercatorem
788 2350 1027 2416 calamitosum.

218 2458 358 2538 Denique
381 2458 441 2522 huc
462 2457 606 2540 pertinet,
641 2440 720 2537 quod
760 2457 941 2539 saepissime
977 2462 1009 2524 θῖ
1032 2460 1065 2524 in
1087 2460 1167 2526 libro

129 2565 167 2629 de
190 2584 257 2649 agr.
283 2565 369 2630 etin
392 2566 471 2649 frgg.
497 2565 669 2646 complures
693 2562 834 2647 deinceps
865 2565 1094 2632 enuntiationes
1121 2568 1168 2632 ita

128 2673 311 2737 coniunctas
335 2673 515 2749 invenimur,
537 2673 576 2766 'ut
594 2672 626 2735 in
649 2671 818 2754 posteriore
843 2672 1029 2738 vocabulum
1041 2674 1168 2754 aliquod

127 2780 241 2862 prioris
264 2781 441 2862 pronomine
473 2779 713 2844 demonstrativo
747 2780 906 2861 repetatur
929 2781 1035 2846 codem
1066 2781 1166 2859 modo,

128 2909 190 2970 quo
227 2907 277 2971 ap.
303 2889 467 2971 scriptores
502 2907 614 2953 aureae
649 2887 764 2952 aetatis
799 2906 965 2969 pronomen
1000 2888 1168 2953 relativum

128 3000 309 3078 usurpatur.
358 2995 507 3060 Similiter
530 2995 612 3077 apud
636 2995 804 3060 Homerum
828 2995 1168 3078 compluresdeinceps

129 3104 359 3169 enuntiationes
383 3083 559 3185 pronomine
591 3097 626 3178 ὅς
661 3102 898 3186 coniunguntur,
935 3102 1110 3182 quodcum
1133 3125 1168 3166 τε

129 3211 288 3295 particula
311 3209 453 3288 addatur,
491 3210 626 3274 nondum
649 3228 734 3291 pron.
766 3209 869 3290 relat,
905 3209 968 3274 sed.
1002 3209 1167 3286 demonstr.

131 3339 198 3384 θεεθ
221 3317 363 3383 efficitur.
410 3318 537 3382 Homeri
566 3336 641 3382 usus
676 3314 811 3381 ostendit
842 3316 901 3380 hoo
934 3315 1169 3382 accomodatum

131 3446 198 3493 esse
222 3425 387 3491 vetustiori
407 3430 438 3489 θῖ
465 3423 662 3508 incomptiori
685 3423 967 3488 sermonis-rationi
985 3429 1017 3489 θῖ
1038 3423 1169 3490 conferri

131 3537 244 3618 potest,
271 3533 353 3614 quod
374 3552 428 3598 eae
444 3532 578 3618 linguae,
601 3551 678 3613 quae
695 3529 983 3615 ,agglutinierende‘
1007 3532 1168 3596 nominan-

132 3647 191 3720 tur,
223 3640 390 3723 paullatim
413 3644 576 3705 transeunt
609 3640 642 3704 in
670 3637 886 3717 ,flectierendc‘
923 3639 961 3704 cs.
986 3640 1044 3724 frg.
1070 3641 1168 3718 816.

135 3750 185 3827 10,
200 3749 252 3812 20.
280 3748 330 3825 14,
345 3751 375 3812 5.
400 3749 450 3826 15,
465 3753 494 3813 4.
524 3749 617 3825 17,1,
645 3748 753 3824 19,10
777 3765 860 3826 sequ.

222 3855 267 3919 Ut
289 3855 386 3938 igitur
408 3855 449 3919 ad
484 3855 626 3939 syntaxim
656 3855 755 3936 ipsam
789 3854 991 3932 transeamus,
1028 3857 1169 3918 nostrum

135 3979 200 4027 csse
234 3981 292 4026 non
325 3964 438 4044 potest,
474 3963 585 4040 omnia,
623 3980 701 4043 quac
732 3960 1017 4026 Schoendoerfferus
1048 3961 1167 4040 attulit,

136 4069 232 4135 denuo
256 4070 400 4134 tractare.
447 4068 492 4134 Ea
507 4070 628 4134 tantum
651 4068 965 4147 commemorabimus,
996 4067 1109 4149 quibus
1134 4087 1169 4133 ea
1268 4101 1269 4104 ¹
