3018 4716
677 433 897 504 Α-311ὸ

268 619 410 713 (Corssen
435 623 487 706 1²,
507 618 593 694 774}
630 629 800 693 Buecheler
814 650 845 711 p.
866 629 951 712 1⁴21).
1001 629 1100 708 Quare
1124 632 1194 696 utra
1210 626 1308 696 forma

269 736 393 802 Catonis
409 736 540 800 maxime
557 736 748 818 temporibus
766 736 928 800 tribuenda
944 736 994 813 sit,
1010 736 1171 802 diiudicari
1190 740 1305 820 nequit.

268 844 474 909 Buechelerus
497 844 517 907 l.
545 863 570 908 c.
595 863 663 908 eum
687 843 820 908 locativo
844 843 911 906 heic
940 844 1098 925 coniungit
1129 845 1308 910 adverbium

267 952 430 1016 relativum
456 951 535 1034 quei,
571 951 654 1032 quod
677 952 708 1014 et
739 952 842 1034 ipsum
865 951 1031 1016 locativum
1057 970 1123 1016 esse
1159 953 1306 1036 disputat,

268 1080 360 1142 quarn
387 1059 571 1125 sententiam
598 1059 744 1124 acerrime
773 1059 933 1141 impugnat
962 1056 1091 1124 Corssen
1122 1060 1146 1138 Ι,
1168 1081 1197 1142 p.
1232 1064 1307 1126 776.

266 1169 330 1232 not.
356 1167 397 1231 id.
424 1167 455 1231 in
474 1167 553 1230 libro
578 1166 745 1243 ,Kritisehe
767 1167 943 1250 Nachtriige
967 1185 1019 1228 zur
1040 1165 1145 1232 latein.
1173 1167 1306 1232 formen-

268 1277 364 1340 111111ι
388 1296 418 1358 p.
445 1277 486 1339 92
512 1293 596 1354 sequ.
621 1273 661 1337 id.
688 1274 718 1337 in
743 1273 860 1362 Kubnii
885 1273 959 1336 dier.
985 1291 1114 1356 gramm.
1141 1276 1306 1358 comparat.

267 1385 350 1462 xvi,
377 1385 455 1449 304.
501 1382 605 1463 Atque
622 1383 748 1446 conatur
772 1381 951 1446 Corssenius
978 1380 1149 1460 ostendam,
1176 1384 1306 1464 quinon

268 1511 334 1557 esse
359 1511 377 1555 a
402 1491 496 1574 stirpe
519 1490 572 1572 qui
596 1527 646 1569 -‚
680 1510 757 1572 quae
780 1491 861 1556 inest
890 1493 921 1556 in
954 1486 1024 1575 qui
1044 1511 1202 1573 -qqu
1224 1510 1239 1554 e
1264 1529 1306 1540 -

267 1621 298 1664 m
323 1599 505 1664 derivatum.
553 1599 630 1663 Uter
653 1600 736 1663 recte
761 1599 873 1664 viderit
903 1621 1050 1684 exponere
1085 1603 1158 1684 quia
1181 1602 1306 1685 longum

268 1709 298 1772 et
311 1707 529 1772 difficillimum
542 1707 590 1771 est
610 1725 710 1788 neque
735 1706 773 1770 ad
792 1713 926 1772 nostram
948 1711 1158 1791 quaestionem
1174 1708 1306 1773 multum

267 1815 358 1892 valet,
382 1815 511 1878 missum
534 1814 691 1891 faciamus,
729 1817 912 1897 praesertim
960 1837 1028 1882 cum
1066 1818 1307 1882 1111111111-

267 1923 406 2005 plissime
432 1923 532 2007 egerit
556 1922 591 1987 Ο.
618 1922 751 1988 Kienitz.
785 1922 821 1987 de
847 1925 1040 2005 quislocalis
1073 1925 1203 1989 modalis
1227 1922 1307 2005 apud

271 2032 389 2114 priscos
410 2030 573 2122 scriptores
596 2031 722 2096 Latinos
743 2049 801 2094 usu
826 2031 899 2095 diss,
922 2033 1024 2118 inaug.
1042 2031 1170 2117 Argent.
1187 2031 1309 2114 Lipsiae

268 2142 352 2204 1879
370 2119 478 2222 p'565
501 2157 585 2220 sequ.
610 2158 796 2220 quamquam
822 2158 930 2204 causae
953 2141 990 2204 ab
1017 2159 1051 2205 eo
1077 2140 1188 2203 allatae
1219 2138 1305 2202 nullo

266 2247 357 2312 modo
382 2265 505 2311 omnem
528 2246 751 2311 dubitationem
774 2246 898 2310 tollunt.
945 2248 1043 2311 Immo
1074 2246 1189 2310 sufficit
1217 2246 1307 2310 nobis

268 2373 425 2438 exponere,
451 2373 543 2436 quam
564 2355 715 2418 rationem
737 2354 768 2417 in
793 2355 951 2418 scribendo
979 2355 1036 2418 hoc
1069 2353 1216 2419 vocabulo
1249 2351 1307 2417 Oa-

269 2464 351 2528 tonis
375 2462 475 2527 aetate
498 2462 597 2528 secuti
621 2461 682 2525 sint
705 2462 844 2526 Rotnani.
892 2462 1099 2526 Buechelerus
1123 2463 1143 2525 l.
1165 2481 1190 2525 1.
1215 2480 1309 2524 unum

266 2571 501 2652 inscriptionum
517 2569 620 2632 locum
637 2568 734 2646 affert,
762 2587 821 2650 quo
839 2569 990 2650 scriptura
1005 2570 1035 2633 in
1054 2569 1081 2632 ei
1101 2567 1307 2644 confirmetur,

272 2678 379 2761 elego
402 2677 523 2761 agraria
554 2673 587 2740 Ο.
612 2676 642 2740 J.
669 2676 703 2739 L.
741 2677 1014 2753 1201111117.
1051 2665 1099 2739 cf.
1136 2675 1309 2740 Mommsen

267 2807 296 2868 p.
321 2788 379 2850 92:
406 2784 535 2863 „va
559 2802 613 2866 pro
639 2801 713 2864 quo
737 2784 767 2847 in
792 2803 861 2847 aere
886 2785 966 2848 est.“

381 2893 415 2955 ln
461 2891 566 2955 Plauti
608 2891 696 2954 libris
738 2910 811 2954 mss.
856 2910 976 2974 semper
1023 2891 1084 2972 qui,
1125 2891 1311 2971 nequiquam

270 3000 418 3082 scriptum
443 2999 499 3075 est,
535 2999 749 3080 praeterquam
787 2998 868 3080 quod
898 3000 984 3062 Pers.
1005 2998 1059 3076 IV,
1097 2999 1127 3074 3,
1153 2999 1195 3061 46
1232 2998 1309 3061 Am-

271 3106 431 3171 brosianus
457 3105 580 3170 exhibet
601 3124 803 3187 nequequam,
825 3104 903 3169 unde
919 3105 1049 3170 fortasse
1071 3105 1102 3168 in
1118 3104 1230 3168 Plauto
1253 3105 1310 3169 hoo

270 3215 336 3279 loco
374 3213 447 3277 clim
477 3212 634 3277 inventum
665 3231 731 3276 esse
764 3213 1024 3294 nequeiquam
1055 3212 1137 3276 recte
1170 3211 1309 3296 colligas.

271 3322 371 3402 Quare
398 3320 656 3385 verisimillimum
678 3339 744 3384 esse
768 3319 845 3384 mihi
868 3319 998 3396 videtur,
1023 3321 1054 3382 in
1078 3319 1221 3384 adverbio
1247 3320 1309 3401 qui

270 3429 387 3513 pariter
415 3428 507 3509 atque
542 3429 573 3491 in
608 3427 752 3492 adverbio
788 3427 851 3490 hio
886 3427 948 3490 iam
981 3426 1104 3491 Catonis
1140 3428 1172 3490 et
1206 3427 1311 3490 Plauti

270 3536 462 3619 temporibus
485 3536 635 3599 rationem
655 3533 806 3599 scribendi
829 3535 988 3598 vacillasse
1006 3535 1085 3597 inter
1103 3535 1173 3614 quei
1199 3534 1309 3615 etqui.

362 3644 489 3707 Praeter
513 3661 564 3706 eos
590 3643 749 3718 locativcs,
776 3642 828 3723 qui
852 3641 1073 3724 posterioribus
1093 3660 1214 3722 quoque
1230 3643 1310 3705 tem-

271 3751 401 3834 poribus
426 3750 506 3831 apud
528 3750 653 3814 Latinos
677 3750 786 3813 usitati
807 3749 930 3813 fuerunt
951 3750 986 3814 ut
1010 3749 1102 3826 domi,
1139 3749 1211 3826 ruri,
1252 3747 1310 3812 Co-

197 3870 200 3876 '
276 3858 378 3936 rintbi,
401 3857 559 3940 postridie,
582 3857 680 3939 pridie
704 3857 848 3921 meridios
870 3855 1052 3938 (Stouasser
1076 3857 1107 3919 in
1132 3855 1310 3922 Wdlfflinii.

278 3965 382 4029 archiv
404 3965 453 4027 fiir
473 3965 699 4048 lexicographie
730 3967 744 4028 l
768 3986 796 4046 p.
823 3968 897 4028 277.
943 3965 982 4027 Η.
1009 3965 1125 4028 Usener
1153 3964 1183 4026 in
1207 3963 1313 4028 ε1111111

274 4091 341 4136 ann.
365 4070 479 4135 CXVII
505 4069 620 4158 [1878]
645 4093 675 4154 p.
703 4073 743 4136 78
770 4073 869 4154 sequ.)
900 4072 930 4134 in
960 4069 1085 4134 Catonis
1118 4070 1206 4134 libris
1236 4089 1311 4134 nou-
