3028 4712
631 475 852 538 ..59-

219 661 414 728 Cimbrorum
438 663 540 728 altera
571 661 734 745 scriptura,
759 667 853 742 'quam
885 661 1077 746 etymologia
1108 660 1259 743 postulat,

216 770 372 852 paulatim
386 757 560 852 irrepserit.
607 769 731 849 Quare
755 767 870 833 tonnae
899 769 1007 848 quales
1042 768 1254 834 observavisso

218 878 277 959 srg.
315 881 408 957 49,6
443 878 575 941 obsonat
598 880 650 952 44,
667 879 696 939 9.
743 877 919 941 obstinatus
954 875 1013 959 irg.
1038 877 1091 952 40,
1118 878 1147 939 3.
1185 877 1259 940 sub·

181 1027 185 1032 -
225 990 386 1050 sternatur
409 1006 432 1050 r.
457 1005 481 1051 r.
507 988 537 1061 5,
557 989 586 1049 7.
622 982 780 1048 observari
803 1002 827 1045 r.
852 987 932 1070 nd,
950 986 979 1047 1.
1016 981 1174 1047 dilatoni
1206 983 1262 1047 ab·

219 1093 408 1158 iudicandae
429 1096 511 1158 sunt.
560 1093 599 1156 ci.
626 1090 755 1156 Corssen
791 1110 863 1174 pag.
896 1092 958 1156 113
988 1108 1072 1170 sequ.
1120 1089 1259 1170 Denique

220 1201 394 1282 scripturae
417 1199 550 1275 faenum,
575 1199 687 1276 fenore,
726 1180 826 1275 ce'nas,
863 1218 940 1278 quas
964 1201 1067 1262 rectas
1088 1217 1155 1262 esse
1179 1197 1258 1263 Gell.

219 1307 304 1384 XVI,
332 1308 382 1384 12,
409 1291 438 1370 i.
470 1309 488 1370 8
522 1310 555 1370 et
577 1306 822 1390 fragmentorum
846 1305 933 1370 codd.
959 1305 1016 1389 srg.
1044 1307 1095 1382 73,
1122 1310 1172 1370 14.
1207 1308 1258 1382 39,

224 1416 275 1479 10.
300 1417 386 1493 21,3
417 1417 585 1490 testantur,
618 1432 697 1477 nunc
728 1418 812 1478 reete
843 1413 873 1477 in
897 1412 994 1477 Keilii
1022 1412 1157 1476 editione
1188 1433 1212 1476 r.
1236 1432 1260 1477 r.

221 1526 252 1600 5,
268 1525 297 1586 8.
330 1526 406 1599 8,1,
440 1525 492 1586 27.
519 1524 617 1599 35,1.
649 1523 721 1598 156,
738 1527 765 1585 1.
792 1520 931 1596 157,12.
969 1539 1023 1602 pro
1045 1520 1262 1586 nonnullorum

223 1650 298 1695 mss.
325 1630 481 1713 scriptura
504 1628 636 1704 foenum,
662 1630 795 1707 coenari.
820 1647 899 1708 quae
922 1628 954 1690 in
977 1627 1066 1691 libris
1096 1647 1169 1692 mss.
1191 1628 1262 1692 noni

204 1738 346 1802 ‚demum
370 1736 488 1802 saeculi
510 1735 674 1814 invenitur,
699 1737 866 1801 restitutae
891 1739 964 1800 sunt
993 1735 1032 1800 cf.
1058 1734 1186 1800 Corssen
1208 1737 1260 1813 12,

225 1848 290 1911 324
311 1864 395 1925 sequ.
443 1843 621 1908 Fleckeisen
645 1846 688 1908 50
708 1844 822 1908 artikel
845 1863 874 1924 p.
899 1845 940 1907 10
961 1861 1045 1922 sequ.

313 1952 490 2017 Deformis
515 1956 774 2036 sumptuosus
812 1951 1090 2033 emptitavera
1127 1951 1261 2014 nassi-

145 2065 148 2071 '
223 2066 360 2126 ternas
399 2078 480 2137 vem,
519 2078 596 2138 quas
632 2059 768 2123 maxime
797 2058 925 2138 antiquo
967 2058 1046 2122 mori
1080 2058 1261 2139 respondere
1322 2143 1324 2149 Ι

223 2167 366 2233 Dietzius
388 2170 503 2244 censet,
533 2166 603 2230 vide
629 2166 758 2232 Corssen
780 2187 810 2248 p.
838 2170 900 2231 122
929 2170 961 2230 et
984 2169 1058 2244 282,
1096 2167 1262 2246 inquibus

224 2280 257 2340 et
281 2275 358 2358 ipsis
393 2293 475 2339 nunc
508 2274 667 2356 complura
698 2275 791 2338 aliter
816 2278 848 2338 et
871 2274 986 2338 rectius
1011 2292 1050 2337 ex
1068 2273 1156 2338 libris
1188 2293 1260 2339 mss,

224 2382 399 2446 constituta
439 2379 520 2445 sunt.
566 2379 604 2445 cf.
637 2381 735 2446 Keilii
771 2380 937 2445 editionem
978 2380 1022 2445 eis
1057 2381 1147 2459 locis.
1185 2400 1262 2461 quos

168 2497 172 2506 '
223 2489 367 2554 Dietzius
389 2488 489 2553 affert.

314 2597 482 2662 Praeterea
505 2594 648 2659 Dietnius
668 2614 698 2676 p.
722 2599 741 2658 5
766 2593 998 2677 disputaverat
1023 2595 1171 2660 sermonis
1196 2615 1263 2661 esse

224 2703 364 2788 vulgaris
387 2704 497 2768 literas
516 2701 668 2782 quasdam
689 2702 852 2767 extrudere
873 2701 984 2767 mediis
1009 2723 1024 2766 e
1048 2703 1208 2767 vocabulis
1231 2708 1263 2768 et

224 2811 347 2876 abicere
369 2811 400 2875 in
424 2809 580 2886 extremis
619 2827 678 2888 quo
705 2809 860 2873 breviores
883 2813 1052 2873 nascantur
1074 2809 1190 2874 formae
1213 2810 1261 2874 in-

225 2918 414 2998 citatiusque
434 2916 583 2999 procedat
606 2915 716 2979 oratio.
765 2915 867 2994 Quare
889 2917 920 2980 in
949 2916 1103 2980 nonnullis
1129 2917 1203 2981 libri
1225 2919 1262 2984 de

225 3025 418 3107 agricultura
446 3023 690 3106 proprietatibus
712 3023 853 3108 linguam
886 3023 1047 3108 vulgarem
1083 3025 1263 3107 cognovisse

227 3133 288 3198 sibi
311 3133 443 3210 videtur,
469 3149 658 3211 quamquam
680 3151 758 3211 quae
782 3133 874 3196 affert
896 3132 1011 3213 partim
1035 3130 1116 3195 falsa
1140 3132 1263 3212 alioque

226 3241 295 3304 loco
332 3239 501 3304 tractanda
534 3243 614 3318 sunt,
643 3239 759 3321 partim
782 3239 822 3303 ad
849 3240 928 3323 frgg.
955 3239 1076 3320 etipsa
1096 3239 1261 3320 pertinent.
1380 3261 1382 3266 ·

228 3347 314 3426 Quae
339 3347 437 3430 primo
465 3347 533 3411 loco
564 3346 642 3411 dicit
673 3346 709 3411 de
738 3347 928 3429 compositis,
962 3346 1078 3428 partim
1101 3346 1165 3410 iam
1201 3348 1263 3412 alio

226 3456 294 3521 loco
319 3459 461 3520 tractata
484 3460 521 3519 ut
545 3454 693 3532 dehorita
718 3456 834 3537 partim
859 3455 949 3518 falsa.
982 3473 1059 3538 eg.
1085 3472 1164 3534 quae
1187 3454 1264 3519 dicit

228 3564 265 3627 de
289 3563 490 3644 intelligendo
512 3567 545 3627 et
567 3562 784 3647 intellegendo,
810 3563 925 3644 partim
949 3561 1090 3625 omnibus
1114 3563 1262 3643 tempori-

226 3671 284 3736 bus
312 3671 434 3736 usitata
468 3674 565 3735 erant.
613 3671 659 3734 De
697 3670 804 3735 formis
840 3669 1047 3753 defetigatum
1069 3667 1128 3753 irg.
1156 3670 1260 3745 19,11

227 3784 259 3844 et
281 3779 437 3860 decerpito
458 3799 481 3843 r.
497 3799 521 3842 r.
548 3781 623 3852 112,
638 3779 666 3850 3,
690 3797 768 3857 quas
792 3782 916 3843 vetusto
938 3777 1070 3841 sermoni
1087 3796 1262 3841 accommo-

228 3886 319 3970 datas
355 3906 421 3952 esse
456 3891 540 3952 recte
576 3886 654 3951 dicit
691 3886 728 3950 ct.
754 3884 882 3951 Oorssen
914 3886 954 3962 ΙΙ,
988 3905 1059 3969 pag.
1090 3889 1153 3951 416
1177 3904 1260 3964 sequ.

169 4019 171 4026 ·
227 3996 402 4059 Bruennert
420 3995 440 4058 l.
459 4015 483 4059 c.
509 3994 656 4058 Proxima
672 3994 747 4058 bene
766 3993 982 4074 distinguenda
998 3999 1087 4059 sunt:
1113 3993 1261 4058 Catonem

228 4103 393 4168 vacillasse
416 4103 497 4168 inter
518 4103 632 4168 formas
656 4103 763 4167 siveris
793 4124 817 4167 r.
842 4123 866 4168 r.
894 4105 957 4180 4,1
990 4107 1022 4167 et
1040 4102 1167 4167 desierit
1188 4123 1212 4165 r.
1236 4121 1260 4164 r.
