2972 4710
730 830 823 892 Pars
851 830 904 893 IV.

294 1076 357 1158 Ile
384 1075 649 1190 testimoniis
675 1075 730 1158 ab
752 1076 947 1174 antiquis
966 1075 1256 1177 scriptoribus
1278 1099 1335 1159 ex

581 1225 741 1311 barone
768 1229 1049 1331 depromptis.

386 1466 577 1530 Testimonia
600 1468 637 1531 ab
661 1466 795 1547 antiquis
825 1466 1026 1548 scriptoribus
1061 1487 1100 1531 ex
1135 1465 1260 1533 Catonis
1297 1468 1335 1535 de

296 1573 486 1658 agricultura
520 1575 599 1638 libro
640 1575 821 1656 deprompta
862 1575 995 1656 primum
1025 1575 1160 1640 contulit
1189 1577 1335 1642 Klotzius

295 1682 315 1745 l.
347 1700 383 1760 6.,
409 1684 573 1770 postquam
596 1681 749 1747 Gesnerus
769 1700 898 1761 eumque
922 1687 1046 1746 secutus
1071 1681 1275 1748 Schneiderus
1300 1705 1335 1750 ea

295 1790 418 1853 tantum
442 1793 662 1866 tractaverunt,
690 1809 767 1871 quae
791 1789 994 1871 suspicionem
1018 1791 1248 1855 retractationis
1266 1813 1334 1856 mo-

294 1915 365 1960 vere
391 1896 584 1975 videbantur,
608 1896 727 1979 reliqua
749 1897 928 1962 omiserunt.
975 1899 1013 1962 ui
1040 1916 1121 1976 vero,
1146 1899 1198 1980 qui
1225 1904 1334 1981 postea

294 2005 366 2069 lmic
390 2004 566 2085 quaestioni
595 2024 721 2088 operam
753 2004 910 2082 dederont,
946 2006 1125 2070 testimonia
1154 2006 1244 2089 plane
1278 2027 1333 2072 ne·

297 2114 469 2199 glexerunt,
495 2131 588 2194 quare
612 2131 680 2176 eum
702 2113 820 2177 interea
843 2113 1009 2194 scriptores
1032 2113 1130 2177 multo
1160 2115 1333 2180 accuratius

297 2225 330 2286 et
353 2221 463 2285 melius
488 2219 563 2284 editi
588 2220 658 2299 sint,
687 2240 735 2286 res
769 2219 862 2304 digna
888 2219 1019 2298 videtur,
1056 2221 1086 2284 in
1110 2240 1202 2301 quam
1236 2221 1333 2287 denuo

297 2328 470 2393 accuratius
496 2327 678 2408 inquiratur.

387 2434 516 2518 Saepius
552 2435 676 2501 Catonis
714 2437 750 2501 de
789 2436 980 2520 agricultura
1022 2435 1102 2500 liber
1134 2436 1249 2500 citatur
1284 2456 1331 2519 ap.

295 2545 441 2622 Plinium,
484 2543 695 2640 Columellam,
731 2564 798 2609 raro
822 2543 903 2627 apud
926 2545 1094 2608 Varronem
1119 2547 1152 2607 et
1187 2543 1331 2622 Gellium,

188 2677 196 2698 ·
294 2652 451 2717 rarissime
501 2651 582 2736 apud
638 2653 856 2736 grammaticos
912 2651 1107 2731 reliquosque
1144 2651 1332 2735 scriptores

296 2760 491 2844 posteriores,
517 2778 674 2840 nunquam
698 2759 780 2843 apud
797 2759 1032 2839 Quintilianum.
1079 2757 1198 2822 Aureae
1221 2759 1333 2823 aetatis

296 2868 496 2950 scriptoribus
531 2869 681 2932 memoria
717 2861 841 2932 Catonis
871 2867 908 2932 de
939 2886 1005 2951 agr.
1042 2866 1115 2930 libri
1148 2865 1241 2948 plane
1279 2886 1333 2931 ex·

286 2973 408 3040 'cidisse
429 2975 560 3054 videtur,
585 2975 664 3040 uude
688 2995 739 3040 eos
762 2975 810 3040 his
831 2975 943 3040 studiis
967 2974 1089 3039 omnino
1121 2992 1245 3057 operam
1275 2993 1332 3038 non

298 3082 419 3148 dedisse
444 3083 585 3162 efficitur,
609 3083 691 3165 quod
715 3102 749 3148 eo
763 3082 968 3159 confirmatur,
993 3081 1074 3161 quod
1090 3101 1126 3145 er
1145 3080 1332 3161 reliquorum

296 3191 342 3257 rei
376 3193 512 3257 rusticae
548 3192 733 3274 scriptorum
759 3194 881 3273 praeter
915 3187 1062 3254 Catonem
1097 3191 1131 3253 61
1166 3189 1332 3254 Varronem

297 3301 448 3384 operibus,
482 3299 691 3379 Sasernarum,
727 3299 858 3376 Scrofae,
890 3299 1032 3383 Magonis
1064 3302 1122 3364 cet.
1155 3299 1235 3362 nihil
1271 3298 1332 3363 fere

295 3409 448 3490 reliquum
478 3411 533 3474 est.
564 3407 602 3474 cf.
630 3409 853 3474 Reitzenstein.
879 3407 899 3470 l.
917 3426 942 3470 c.
990 3405 1078 3471 Adde
1113 3406 1194 3486 quod
1228 3405 1331 3471 Cicero

296 3516 422 3582 Catonis
441 3517 593 3581 orationes
607 3517 760 3581 neminem
779 3515 912 3593 novisse,
935 3514 1049 3578 nedum
1065 3515 1167 3598 legere
1184 3515 1331 3594 queritur,

295 3625 376 3690 unde
400 3624 512 3689 librum
538 3624 574 3689 (16
596 3643 660 3708 agr.
686 3624 775 3706 plane
796 3624 827 3687 in
857 3623 1042 3687 oblivionem
1071 3622 1165 3687 ivisse
1194 3621 1333 3686 concludi

297 3735 410 3819 potest.
466 3735 546 3799 Tota
578 3734 676 3818 igitur
710 3732 849 3815 quaestio
884 3731 1043 3816 tripartita
1078 3735 1134 3795 est.
1194 3731 1332 3795 Primum

298 3845 378 3909 enim
399 3843 628 3908 accuratissime
663 3860 698 3905 ea
721 3840 907 3917 testimonia,
942 3858 1020 3921 quae
1053 3837 1330 3924 apudVarronem

299 3952 545 4019 vetustissimum
570 3951 758 4032 scriptorem,
781 3948 984 4024 inveniuntur,
1010 3944 1231 4011 consideranda
1253 3949 1331 4022 sunt,

298 4067 334 4126 ut
365 4079 444 4141 quae
479 4059 546 4124 tum
573 4044 674 4123 'fuerit
702 4055 774 4121 libri
812 4054 918 4135 forma,
955 4053 1166 4136 cognoscatur.
1215 4052 1332 4119 Deinde
