2972 4710
559 444 799 506 -153-

158 630 213 694 aut
244 628 377 713 pedibus
411 631 465 694 aut
497 630 640 695 manibus
675 631 868 713 complanato
902 629 941 695 ci.
963 650 987 694 r.
1012 651 1036 695 r.
1065 632 1137 710 151,
1160 635 1190 710 3,

158 737 239 817 quod
263 735 446 802 adverbum
470 737 629 802 consent't.

247 843 329 912 Cell.
352 845 391 924 X,
418 847 469 923 26,
495 847 525 911 8.
572 844 671 927 Atqui
695 843 770 910 Cato
804 846 837 910 iu
856 846 935 910 libro
959 846 997 911 de
1020 865 1052 912 re
1075 848 1192 912 rustica

157 951 280 1028 mndus,
302 951 412 1034 inquit,
445 970 479 1016 eo
500 952 532 1016 in
554 951 620 1017 loco
644 952 801 1019 habendus
832 955 887 1032 est,
920 955 955 1018 ut
984 954 1015 1019 et
1045 955 1191 1038 oppidum

156 1077 251 1143 prope
271 1059 406 1142 amplum
431 1059 473 1123 sit
489 1061 520 1124 et
541 1043 626 1124 mare
649 1062 703 1125 aut
725 1061 831 1140 amnis,
858 1081 1020 1144 quanaves
1033 1063 1192 1128 ambulant

157 1167 194 1231 cf.
215 1185 242 1231 r.
262 1184 286 1231 r.
316 1170 344 1244 1,
360 1169 389 1231 3.
422 1185 476 1248 pro
512 1168 671 1250 ,1111111111ι
706 1166 829 1235 Catonis
862 1168 935 1233 libri
968 1188 1042 1234 mss.
1078 1170 1192 1235 hahent

155 1273 350 1352 validum,
375 1273 462 1338 cuius
485 1273 516 1337 in
540 1274 641 1338 locum
666 1275 730 1340 sine
755 1275 847 1340 dubio
864 1274 983 1342 Gellius
1006 1277 1190 1342 vocabalum

156 1400 211 1446 suo
235 1385 373 1464 tempore
396 1380 497 1465 magis
517 1381 779 1447 accommodatam
802 1383 972 1448 subst‘tuit.

249 1487 480 1552 Transeundum
504 1488 613 1552 estad
637 1487 848 1568 Columellam,
881 1490 934 1555 ubi
961 1488 1036 1555 Cato
1070 1490 1191 1572 saepius

155 1595 278 1673 citatur,
305 1595 359 1660 sed
384 1614 504 1678 semper
524 1596 578 1674 ita,
615 1597 650 1661 ut
673 1594 994 1666 Columellasensum
1027 1598 1189 1662 verborum

154 1704 220 1768 eius
251 1702 402 1768 rhetorice
441 1705 621 1768 exornatum
655 1704 773 1769 reddat.
832 1706 996 1771 Praeterea
1033 1726 1189 1789 nunquam

154 1811 295 1876 accurate
318 1811 435 1876 dictum
467 1812 523 1889 est,
557 1829 616 1894 quc
652 1831 687 1877 er
723 1814 803 1877 libro
837 1812 922 1878 locus
955 1813 1100 1878 laudatus
1135 1813 1188 1878 de-

153 1918 295 2002 sumptus
315 1919 365 1983 sit.

242 2024 360 2092 Colum.
399 2027 423 2105 1,
457 2029 485 2091 1.
525 2027 583 2092 12:
623 2028 655 2092 et
692 2030 729 2091 ut
763 2026 1013 2111 agricolationem
1051 2028 1190 2093 Romana

151 2133 276 2200 tandem
290 2135 417 2200 civitate
434 2134 590 2212 donemus,
614 2135 676 2199 ianr
690 2154 769 2198 nunc
785 2135 828 2199 M.
845 2132 992 2198 Catonem
1008 2131 1188 2199 Censorium

149 2243 242 2307 illum
266 2261 480 2321 memoremus,
504 2242 556 2322 qui
581 2261 647 2307 earn
671 2243 778 2306 Latine
803 2241 890 2324 loqui
910 2241 1027 2324 primus
1042 2242 1187 2308 instituit.

242 2351 266 2430 l,
292 2352 321 2428 2,
345 2352 382 2414 2:
402 2349 482 2414 Nam
507 2348 585 2414 illud
601 2350 690 2413 vetus
708 2351 755 2414 cst
771 2347 904 2426 Catonis,
930 2368 1039 2432 agrum
1053 2350 1186 2432 pessimo

150 2458 286 2536 multari,
320 2456 406 2521 cuius
431 2455 581 2533 dominus,
615 2455 689 2537 quid
711 2457 743 2520 in
767 2475 801 2521 co
834 2455 1007 2522 faciendum
1041 2457 1091 2534 sit,
1126 2477 1186 2523 non

151 2569 251 2644 docet,
276 2564 330 2630 sed
353 2563 439 2628 audit
459 2563 606 2628 uillicum.
642 2563 784 2628 Klotzius
809 2561 885 2628 citat
907 2585 931 2628 r.
957 2585 981 2628 r.
1008 2566 1037 2641 5,
1053 2565 1082 2629 3.
1110 2569 1184 2644 142,

149 2675 203 2741 ubi
224 2673 302 2738 nihil
332 2671 432 2736 similo
464 2673 559 2735 extat.
596 2670 649 2734 sed
683 2671 748 2735 iuro
783 2673 910 2736 annotat
944 2671 1074 2748 Keilius,
1109 2671 1185 2736 haec

148 2783 244 2851 rerba
267 2799 302 2846 ex
326 2779 386 2844 alio
409 2778 488 2842 libro
511 2777 622 2842 haustu
647 2797 712 2842 esse
736 2797 835 2860 posse,
860 2797 950 2859 quem
967 2779 1131 2861 praecepta
1146 2780 1185 2844 ad

147 2892 248 2957 filium
279 2888 329 2953 vel
370 2885 630 2969 apophthegmata
662 2905 728 2950 esse
763 2886 812 2950 vel
848 2886 1001 2950 crationes
1032 2888 1184 2952 censorias

148 2999 274 3082 propter
298 2993 497 3060 acerbitatem
521 2993 635 3058 censet.
681 2993 761 3057 Mihi
785 2983 916 3058 manime
947 2993 1069 3075 placent
1094 3014 1184 3076 prae-

149 3106 245 3189 cepta,
284 3103 356 3186 quia
391 3102 421 3166 in
445 3101 509 3164 illis
532 3101 570 3164 de
600 3100 789 3184 agricultura
824 3120 945 3183 quoque
978 3101 1080 3165 actum
1103 3121 1183 3183 ¹osse

149 3214 271 3279 scimus
313 3209 351 3274 cf.
377 3208 498 3272 Keilius
521 3227 551 3290 p.
575 3210 626 3271 75.
662 3205 780 3272 Colum.
805 3209 830 3286 1,
856 3210 885 3286 3,
910 3213 938 3273 l.
984 3208 1111 3293 longum
1137 3212 1185 3275 est

149 3320 251 3384 omnia
275 3316 314 3382 ad
341 3317 469 3382 verbum
504 3315 651 3396 repetere,
689 3333 768 3396 quac
799 3315 844 3380 ibi
868 3313 1039 3382 Columella
1074 3315 1183 3383 Catoni

147 3426 264 3492 tribuit.
311 3425 424 3489 Extant
448 3423 530 3505 apud
552 3421 699 3487 Catonem
718 3444 742 3487 r.
766 3443 790 3487 1.
818 3429 845 3488 l.
888 3423 963 3489 haec
992 3425 1102 3490 uerba:
1136 3427 1183 3492 uti
1248 3439 1251 3444 '

143 3536 260 3600 honum
273 3533 391 3599 caelum
406 3531 526 3609 habeat,
551 3551 588 3596 ne
605 3530 818 3596 calamitosum
836 3532 903 3596 siet.
941 3533 1180 3615 solumbonum,

146 3662 203 3708 sua
224 3642 339 3707 virtute
359 3640 469 3718 valeat,
507 3657 585 3721 quae
609 3657 761 3703 summam
794 3639 955 3704 verborum
993 3639 1181 3708 Columellas

146 3749 311 3814 continent.
355 3747 441 3827 Quae
465 3746 573 3811 deiude
596 3746 763 3830 subiungit,
791 3748 895 3812 artant
918 3748 999 3830 apud
1015 3748 1181 3814 Varronem

144 3858 169 3934 1,
194 3860 224 3935 2,
240 3858 269 3922 8.
293 3857 315 3935 1,
341 3861 371 3933 4,
386 3857 423 3933 3;
456 3855 495 3920 ad
523 3857 750 3939 paragraphum
771 3856 896 3922 tertiam
920 3858 958 3921 cf.
984 3856 1132 3923 Catonem
1154 3859 1178 3937 I,

146 3967 185 4042 33
209 3967 240 4030 4.
266 3964 319 4028 ubi
343 3963 380 4029 de
403 3963 462 4040 via,
489 3982 578 4045 aqua,
603 3964 702 4028 vicino
720 3964 840 4044 dicitur,
864 3966 984 4047 reliqua
1000 3986 1047 4049 ap.
1066 3966 1180 4031 Varro-

143 4091 216 4138 nem
241 4072 264 4151 1,
291 4075 341 4136 16.
388 4069 466 4137 Vide
489 4071 716 4155 neglegentiam
745 4073 956 4139 incredibilem
980 4072 1179 4152 Columellae,
