2972 4710
567 419 810 492 -157-

157 619 186 694 1,
211 619 268 681 26:
300 635 371 680 narn
393 616 472 680 illud
493 634 599 682 verum
624 618 671 682 est
697 618 740 682 M.
765 616 890 682 Catonis
924 619 1089 698 oraculum,
1114 620 1191 687 nihil

154 713 273 808 agendo
289 723 428 788 homiues
443 723 523 788 male
541 743 631 808 agere
655 725 786 789 discunt.
824 725 903 800 unde
919 726 977 791 hoo
993 727 1190 812 desumptum

153 831 197 896 sit
218 831 319 896 dicere
343 849 469 913 nequeo.
507 831 538 895 in
562 832 582 896 l.
609 831 637 896 d.
664 851 690 896 a.
716 851 774 904 non
798 833 889 897 extat.
926 831 1097 902 Columella
1119 837 1189 917 ΧΠ,

153 942 209 1016 52,
236 942 294 1005 19;
312 954 313 958 ’
330 939 374 1003 311
405 939 486 1003 enirn
515 937 619 1024 (Cato)
655 940 687 1004 in
721 939 860 1004 tabulato
888 943 1045 1026 oormgari
1078 945 1191 1012 olivam

153 1047 365 1128 minoremque
389 1046 466 1111 fieri.
511 1046 597 1126 Quae
620 1048 797 1128 sequuntur,
833 1046 1050 1117 aColumella
1085 1052 1191 1118 addita

153 1157 234 1222 sunt.
282 1154 319 1220 cf.
344 1175 368 1219 r.
392 1176 417 1219 r.
444 1157 494 1233 64,
523 1155 551 1232 1,

243 1273 312 1360 Xll,
330 1284 383 1359 62,
401 1283 460 1346 20:
487 1279 547 1346 Sed
572 1281 603 1346 31
623 1278 698 1346 6313
723 1281 814 1348 dixit:
840 1283 872 1348 et
895 1283 939 1348 sic
962 1283 1085 1363 quidem
1102 1287 1190 1365 quic-

152 1410 245 1472 quam
269 1389 413 1472 ponderis
438 1390 492 1454 aut
521 1407 684 1454 mensurae
708 1390 774 1454 oleo
807 1390 935 1468 accedit,
976 1391 1003 1456 si
1034 1393 1190 1474 portiones
1285 1453 1287 1460 .

152 1499 231 1564 velis
253 1498 284 1562 in
307 1497 426 1561 facturn
442 1496 579 1562 adiectae
595 1497 688 1562 bacae
705 1501 884 1580 computare
909 1498 980 1581 (non
996 1505 1188 1583 proventum,

152 1606 207 1672 sed
231 1605 449 1670 detrimontum
472 1605 607 1689 senties).

241 1730 302 1794 Hic
332 1747 453 1811 quoque
483 1727 654 1794 Columella
687 1729 839 1811 cogitasse
873 1730 995 1797 ridetur
1029 1732 1067 1798 de
1101 1753 1187 1819 capp.

153 1841 196 1903 64
220 1837 323 1915 3165,
347 1836 482 1901 sednon
507 1836 618 1915 omnia,
647 1855 723 1919 quae
749 1836 832 1915 dicit,
859 1838 939 1920 apud
964 1837 1189 1906 6313333133-

150 1949 234 2023 tant,
255 1963 354 2025 neque
379 1945 481 2009 tamen
503 1945 554 2009 hio
578 1944 746 2026 quidquam
774 1946 852 2009 certi
885 1948 1054 2011 asseverari
1075 1950 1188 2030 331331

153 2052 322 2119 Schneider
356 2052 396 2129 ll,
434 2055 453 2116 2
491 2073 520 2135 p.
544 2053 618 2116 664.
655 2053 678 2130 Ι,
705 2055 735 2130 2,
764 2053 836 2119 130.
895 2053 949 2118 Eis
984 2052 1071 2132 locis,
1113 2076 1189 2139 quos
1305 2055 1308 2064 “

149 2160 274 2226 Κ311133
296 2159 455 2242 praeterea
472 2159 504 2224 in
528 2159 661 2224 editione
692 2178 731 2224 ex
761 2157 932 2224 Columella
960 2160 1079 2241 citarit,
1112 2161 1189 2227 Cato

150 2286 212 2333 non
233 2265 415 2357 nominatur,
439 2284 629 2348 quamquam
653 2266 808 2330 nonnullis
824 2265 997 2332 Columella
1021 2269 1058 2334 ad
1075 2269 1189 2338 librum

151 2376 218 2441 3133
242 2373 414 2458 respexisse
438 2373 523 2440 ridet
562 2424 569 2438 .

376 2498 414 2563 cf.
438 2519 462 2563 r.
488 2519 511 2562 r.
537 2500 579 2563 70
602 2527 644 2558 =
668 2496 733 2563 Col.
758 2499 813 2578 Vl,
838 2504 868 2565 4.

533 2608 639 2670 83:
759 2606 813 2684 XI,
840 2609 869 2686 2,
897 2609 949 2672 29.

531 2714 573 2778 96
597 2709 638 2772 .'·:
759 2713 829 2791 Vll,
853 2718 883 2791 4,
908 2719 936 2778 7.

511 2821 573 2886 103
597 2845 638 2876 =
759 2821 813 2900 Vl,
833 2826 865 2899 4,
891 2823 920 2886 4.

241 2945 327 3027 Quae
350 2947 447 3030 igitur
470 2943 675 3010 eColumella
696 2944 836 3009 concludi
848 2946 986 3026 possunt,
1010 2944 1099 3027 plane
1116 2963 1187 3012 con-

156 3056 296 3120 sentiunt
316 3073 386 3119 cum
411 3051 464 3132 313,
488 3072 568 3133 queo
592 3071 685 3136 supra
708 3052 745 3118 de
768 3052 869 3117 Plinio
894 3052 1036 3144 diximus.

239 3197 306 3262 Nec
343 3215 413 3260 mea
451 3194 603 3260 sententia
641 3194 738 3258 313131
772 3194 884 3276 331331,
933 3192 1080 3258 Catonem
1118 3195 1189 3277 poet
1296 3195 1298 3200 '

148 3304 291 3369 Plinium
314 3302 516 3367 Columellam
541 3301 676 3368 Gellium
714 3302 839 3385 gravius
869 3300 1087 3383 interpolatum
1121 3321 1188 3367 esse

153 3430 245 3491 quam
269 3429 304 3475 eo
325 3410 425 3488 modo,
462 3429 552 3490 quem
587 3409 710 3474 Κ311133
733 3428 762 3490 p.
789 3412 828 3474 51
868 3427 952 3488 sequ.
990 3409 1185 3494 significauit,

148 3519 223 3599 quia
260 3517 324 3582 3133
356 3517 449 3581 dubio
487 3517 628 3581 futurum
667 3517 757 3593 33331,
796 3515 832 3579 31
864 3513 1116 3599 interpolationes
1149 3516 1187 3581 ab

152 3626 354 3708 scriptoribus
376 3625 555 3706 posterioris
576 3623 724 3706 temporis
745 3640 800 3688 suo
822 3622 944 3708 ingenio
967 3623 1065 3688 factae
1082 3621 1188 3688 statim

153 3735 419 3818 cognoscerentur,
444 3731 697 3813 interpolationes
721 3748 792 3794 vero
815 3729 860 3794 ita
881 3729 991 3809 factae,
1016 3734 1052 3795 ut
1068 3750 1104 3796 er
1119 3730 1189 3796 aliis

149 3839 354 3923 scriptoribus
394 3839 439 3903 rei
474 3839 606 3903 rusticae
645 3837 748 3919 capita
781 3836 944 3919 desumpta
975 3838 1008 3902 in
1043 3836 1189 3916 Catonem

148 3948 364 4025 insererentur,
407 3965 443 4010 ea
489 3945 525 4010 de
572 3965 663 4010 causa
706 3944 941 4010 veridirsimiles
980 3948 1063 4023 sunt,
1116 3946 1188 4025 quia

147 4056 288 4123 veterum
332 4054 515 4137 scriptorum
555 4053 628 4120 libri
679 4055 753 4135 post
789 4052 935 4130 Plinium,
975 4049 1187 4134 Columellam,
