2972 4710
570 459 810 525 -103-

176 670 247 717 core
270 651 301 715 in
325 668 490 735 asparagos
513 649 680 734 ingerendo
704 650 820 716 dictum
844 652 900 730 est,
926 651 1019 717 verba
1043 651 1101 730 ,fac
1127 653 1215 738 inge·

174 765 237 823 ras‘
257 757 455 823 recentiorem
472 776 598 822 manum
618 757 753 823 indicare
768 757 919 838 videntur,
945 778 1023 840 quae
1047 760 1214 825 extremum

176 865 370 930 enuntiatum
393 863 556 930 addiderit.

266 972 398 1038 Restant
419 972 516 1056 igitur
538 972 639 1055 capita
656 976 752 1051 1-5,
779 991 855 1055 quae
872 973 1003 1058 genuina
1024 993 1091 1038 esse
1107 974 1215 1040 viden·

176 1083 238 1160 tur,
260 1099 331 1146 nam
355 1079 651 1161 coniunctivus,'qui
674 1080 796 1162 saepius
820 1081 851 1144 in
867 1081 930 1144 illis
946 1081 1108 1159 invenitur,
1134 1101 1215 1147 sem-

176 1208 232 1272 per
256 1187 369 1252 dicitur
388 1188 425 1251 de
448 1187 541 1252 tertia
562 1206 701 1270 persona,
724 1187 769 1252 ita
793 1188 827 1252 ut
842 1188 1060 1270 improbandus
1082 1207 1141 1254 non
1164 1189 1225 1286 sit..

179 1295 265 1376 Quae
289 1313 360 1361 roro
384 1293 554 1359 intercedat
576 1294 655 1360 ratio
677 1293 757 1359 inter
780 1295 917 1378 caputb
954 1296 985 1360 at
1005 1297 1108 1377 capita
1141 1298 1214 1361 142.
1339 1355 1340 1360 ,

179 1406 242 1468 143
264 1403 344 1468 infra
367 1402 426 1466 erit
449 1401 666 1484 quaerendum.
714 1401 786 1467 Sola
821 1422 899 1484 quac
933 1404 1078 1488 leguntur
1101 1403 1216 1470 iudea

175 1509 367 1594 paragrapho
404 1512 423 1574 6
454 1509 564 1592 capitis
591 1509 629 1587 V,
659 1508 829 1592 suspiciosa
861 1529 930 1576 esse
957 1509 1108 1577 videntur.
1143 1511 1217 1576 noia

177 1616 391 1684 coniunctivae
410 1616 632 1695 substernatur,
658 1617 816 1696 curentur;
846 1616 988 1684 conficias
1018 1618 1094 1697 face,
1127 1618 1215 1684 stude

176 1726 212 1790 ut
234 1725 359 1790 habeas.
752 1795 754 1798 ,

268 1831 352 1912 Quae
377 1830 581 1914 exposuimus,
610 1830 768 1896 sufficiunt
791 1830 830 1896 ad
857 1830 1007 1896 iudicium
1036 1832 1216 1898 confirman-

176 1940 260 2018 dum,
274 1938 369 2022 -quod
392 1957 484 2021 supra
504 1938 700 2021 protulimus.
746 1937 888 2003 Efficitur
915 1958 974 2004 non
1007 1958 1073 2004 esse
1102 1959 1215 2023 aequa-

176 2047 270 2112 bilem
293 2065 347 2130 per
370 2046 472 2110 totum
497 2044 535 2110 de
564 2065 628 2126 agr.
658 2045 773 2110 librum
806 2063 975 2118 sermonem
1008 2063 1064 2110 nec
1097 2065 1217 2131 semper

179 2155 295 2238 optime
318 2155 352 2218 in
372 2151 496 2218 Catonis
520 2152 654 2218 aetatem
674 2152 843 2218 convenire.
890 2153 989 2218 Immo
1012 2172 1067 2218 nos
1093 2152 1217 2235 quidem

176 2260 397 2338 concludimus,
421 2261 584 2345 syntaxim,
610 2280 687 2341 quae
712 2260 796 2326 extat
812 2260 933 2325 inlibro
959 2259 995 2325 ds
1012 2261 1210 2345 agricultura,
1317 2289 1319 2292 ·

176 2388 267 2452 quem
307 2387 362 2434 nos
404 2368 561 2446 habemus,
605 2369 652 2433 ita
687 2359 893 2450 comparatam
932 2351 1008 2448 esse,
1053 2369 1088 2432 ut
1126 2369 1216 2434 modo

175 2476 317 2542 vetustus
347 2475 431 2540 color
464 2475 612 2554 servatus,
650 2473 740 2540 modo
781 2474 912 2540 novatus
946 2476 995 2539 sit.
1056 2476 1216 2542 Habemus

174 2584 273 2669 igitur
294 2583 461 2668 vestigium
484 2582 613 2647 duarum
636 2582 709 2648 libri
732 2583 769 2648 de
792 2602 855 2664 agr.
881 2581 1071 2648 diversarum
1102 2583 1215 2648 forma-

175 2712 254 2771 rum,
281 2711 358 2774 qaae
382 2690 605 2756 contaminatae
628 2691 660 2756 et
683 2690 865 2755 commixtae
891 2691 970 2755 sunt.
1092 2691 1095 2698 '

267 2800 311 2863 Ut
333 2799 429 2883 igitur
453 2817 499 2876 ca,
537 2817 614 2880 quae
638 2797 853 2863 dissertatione
888 2799 992 2863 nostra
1026 2799 1057 2864 et
1080 2797 1214 2864 Schoen-

175 2906 317 2972 doerfferi
350 2904 456 2971 libello
491 2904 571 2971 effici
607 2905 695 2970 nobis
729 2904 880 2984 videntur,
913 2905 1214 2989 comprehendamus,
1352 2941 1356 2952 ·

176 3034 297 3081 summa
313 3013 529 3097 disputationis
554 3014 629 3079 haec
653 3013 714 3078 est:

267 3123 299 3209 1)
325 3121 413 3202 Quod
436 3121 578 3187 Dietzius
601 3121 633 3186 in
655 3121 733 3186 libro
768 3120 805 3186 de
841 3121 1031 3228 agricultura
1069 3121 1215 3189 Catonem

178 3232 287 3316 lingua
308 3230 530 3312 vulgariusum
555 3248 621 3294 ease
646 3228 778 3308 dict'tat‚
803 3229 835 3292 in
857 3228 986 3310 reliquis
1007 3229 1096 3294 libris
1111 3230 1217 3315 lingua

176 3339 295 3405 urbana
332 3339 363 3402 et
396 3336 466 3402 inde
502 3337 690 3402 differentias
726 3335 906 3402 elocutionis
941 3337 1085 3419 explicari
1113 3356 1214 3420 posse,
1350 3413 1352 3424 Ι

175 3447 294 3512 rectum
315 3464 376 3511 non
397 3446 453 3524 est,
477 3445 571 3510 immo
596 3443 671 3510 Cato
696 3445 726 3509 in
750 3445 880 3526 utroque
902 3444 1083 3527 scriptorum
1106 3463 1215 3526 genere

162 3554 283 3622 'eodem
309 3574 447 3620 sermone
471 3573 545 3618 usus
570 3555 626 3633 est,
664 3553 717 3635 qui
739 3552 843 3636 paullo
867 3552 993 3636 politior
1013 3553 1065 3617 ille
1090 3553 1215 3634 quidem

176 3664 243 3730 arat
264 3683 356 3746 quam
378 3662 485 3747 lingua
507 3662 654 3744 vulgaris,
678 3661 732 3726 sed
755 3661 863 3744 plenus
879 3661 1102 3744 proprietatum
1118 3659 1213 3725 illius.

268 3773 301 3856 2)
325 3771 374 3835 Ex
398 3770 541 3835 omnibus
558 3768 683 3834 Catonis
706 3769 795 3833 libris
817 3768 939 3836 vetusta
961 3769 1038 3832 ratio
1064 3767 1215 3833 scribendi

176 3879 238 3945 iam
275 3879 365 3944 antea
399 3898 453 3960 per
491 3877 633 3942 librarios
665 3876 874 3959 compluribus
905 3876 982 3940 locis
1016 3876 1128 3939 novata
1161 3895 1216 3958 per

176 3987 413 4072 grammaticum
437 3986 564 4069 expulsa
587 3985 643 4050 est.

268 4097 301 4182 3)
317 4095 411 4175 'Quae
443 4113 512 4160 oum
548 4094 759 4178 expelleretur,
794 4093 966 4177 complures
1001 4091 1213 4176 proprietates
