3018 4716
530 479 572 488 ..
620 420 750 504 49-

119 630 182 695 sed
217 630 342 713 propter
373 648 517 712 praesens
550 630 731 694 inusitatum
768 631 873 720 eoepio
908 631 1030 695 citatur.
1079 632 1164 712 Quae

123 757 201 804 vero
226 737 302 802 talia
325 737 578 802 01101111111110
600 737 704 801 utrum
728 737 830 802 omnia
845 756 880 801 01
895 738 1023 819 reliquis
1041 737 1166 805 Catonis

117 845 215 910 libris
238 845 400 928 desumpta
424 844 485 909 sint
516 846 637 926 praeter
659 843 790 908 formam
821 844 897 924 1100,
933 865 1002 910 oum
1027 846 1164 911 futurum

116 952 224 1016 dieam
241 953 274 1016 iu
295 953 375 1016 libro
400 951 437 1017 de
460 951 649 1036 agricultura
673 953 774 1016 extare
799 971 891 1034 supra
914 952 1090 1033 viderimus,
1125 975 1164 1020 an

118 1080 188 1125 una
210 1060 259 1126 rel
272 1060 370 1125 altera
386 1079 421 1124 01
433 1059 520 1144 parte
538 1059 609 1124 libri
626 1059 663 1124 de
680 1059 868 1143 agrioultura
884 1059 1043 1143 deperdita
1054 1061 1163 1127 hausta

121 1169 179 1247 sit,
212 1169 358 1234 hocloco
391 1167 551 1232 diiudicari
579 1186 636 1231 non
672 1165 784 1249 potest.
831 1167 968 1232 Dubium
1003 1188 1070 1234 esse
1104 1189 1165 1235 non

123 1276 242 1361 potest,
268 1276 343 1358 quin
367 1275 423 1340 hae
448 1274 564 1340 formae
587 1294 602 1338 0
622 1274 729 1359 lingua
752 1275 872 1360 vulgari
890 1275 1069 1360 desumptae
1094 1278 1164 1356 sint,

122 1382 210 1466 quod
234 1383 266 1447 01
289 1401 324 1448 eo
347 1381 553 1461 oonfirmatur‚
580 1380 661 1464 quod
685 1381 807 1464 saepius
828 1402 846 1447 a
868 1384 979 1448 Plauto
1002 1387 1164 1468 usurpatas

121 1510 195 1557 esso
219 1490 290 1555 libri
304 1491 369 1556 eius
385 1490 587 1574 manuscripti
611 1489 777 1554 ostendunt
798 1491 831 1562 ,et
854 1509 898 1568 00,
923 1492 1004 1573 quod
1022 1493 1056 1557 in
1071 1493 1163 1558 inser.

121 1598 255 1664 alterins
279 1617 306 1662 a
331 1595 364 1662 O.
392 1598 508 1663 saeculi
529 1618 560 1661 nr
581 1616 756 1676 consonans,
783 1616 874 1679 quam
897 1600 1027 1665 vetustis
1044 1601 1165 1685 tempo-

123 1707 215 1771 ribus
234 1706 265 1770 in
289 1705 350 1771 fine
372 1706 533 1771 verborum
553 1705 665 1770 leniter
688 1706 807 1770 tantum
839 1707 1066 1788 pronuntiatam
1099 1729 1165 1774 esse

122 1814 257 1892 constat,
291 1832 411 1896 semper
433 1811 496 1878 fere
520 1812 635 1894 scripta
667 1813 723 1890 est,
761 1830 830 1876 eum
864 1813 895 1877 in
916 1815 1166 1898 inseriptionibus

120 1921 333 2006 Pompeianis,
369 1920 481 2002 quibus
503 1921 613 2004 lingua
635 1920 772 2005 vulgaris
804 1921 918 2004 optime
946 1924 1089 2006 eognosei
1110 1943 1164 2007 po·

121 2029 199 2106 test,
239 2028 419 2112 saepissime
444 2027 532 2093 desit.
570 2027 608 2092 ef.
632 2028 662 2093 J.
687 2028 723 2092 R.
744 2028 784 2092 N.
808 2049 838 2110 p.
864 2030 926 2094 112
949 2049 1034 2111 sequ.
1072 2037 1164 2113 qnare

122 2137 221 2202 etiam
246 2155 282 2202 ex
301 2136 349 2201 his
373 2135 480 2200 formis
507 2135 648 2214 efficitur,
686 2132 833 2200 Catonem
858 2137 951 2200 etiam
970 2138 1001 2201 in
1037 2138 1165 2221 reliquis

120 2243 214 2309 libris
237 2245 359 2326 praeter
382 2243 496 2307 librum
520 2243 557 2307 de
587 2242 775 2327 agricultura
804 2261 942 2308 sermone
972 2263 1063 2309 usum
1087 2265 1163 2325 esse,

125 2352 183 2434 qni
207 2351 330 2436 linguae
355 2351 491 2432 vulgaris
522 2350 699 2415 simillimus
727 2351 793 2415 erat
827 2351 1065 2430 0111010113,
1100 2357 1164 2420 446

123 2477 217 2540 sequ.
244 2457 372 2523 Corssen
397 2459 446 2535 ll,
472 2460 535 2522 267
557 2459 817 2538 1000405001.
843 2460 908 2523 474
932 2459 994 2524 not.

222 2566 256 2629 In
281 2565 416 2632 secunde
438 2583 569 2648 persona
592 2564 758 2649 singularis
781 2567 960 2648 praesentis,
985 2567 1166 2651 imperfecti,

124 2673 227 2739 futuri
247 2673 373 2756 passivi,
414 2674 561 2754 quantum
589 2693 623 2738 ex
653 2691 727 2738 mss.
754 2674 956 2758 cognoscitur,
988 2675 1101 2740 formas
1135 2677 1166 2740 in

124 2819 169 2830 --
195 2781 238 2845 ris
263 2782 292 2845 et
316 2800 348 2846 re
371 2780 543 2864 promiscue
567 2780 743 2862 usurpabat.

216 2888 313 2953 uteris
335 2909 360 2952 1.
385 2907 408 2952 r.
436 2888 508 2966 157,
535 2891 563 2952 7.
590 2889 619 2952 8.

184 3031 186 3034 -
217 2995 353 3070 adoriare
383 2994 562 3079 111812.
595 2994 721 3077 loquare
747 2997 799 3071 28,
816 2998 846 3061 8.
883 2995 1088 3062 adulterarere
1114 3000 1165 3076 68,

123 3106 143 3170 8
167 3121 216 3185 ap.
241 3101 320 3168 Gell.
344 3103 383 3180 Χ,
408 3104 449 3167 83
474 3121 510 3166 ex
533 3102 707 3166 oonieotura
728 3099 881 3168 Salmasii.
914 3105 1000 3169 utare
1033 3107 1083 3183 18,
1113 3109 1163 3171 19.

123 3211 181 3277 sed
216 3210 248 3274 in
272 3210 366 3277 Gellii
398 3210 510 3276 verbis.
549 3209 722 3294 agnosceris
759 3211 810 3287 73,
845 3212 874 3275 6.
913 3211 1026 3277 videris
1058 3214 1108 3291 73,
1135 3216 1165 3277 4.

122 3319 258 3384 10110110
282 3320 333 3398 18,
349 3322 378 3384 9.
405 3320 436 3384 01
458 3319 560 3410 ipsum
583 3315 613 3380 in
638 3317 733 3382 Gellii
756 3318 867 3382 verbis.

220 3426 327 3490 Nonne
352 3426 382 3489 in
406 3426 454 3490 his
483 3444 603 3506 quoque
627 3424 733 3488 formis
766 3420 889 3489 Catonis
924 3426 1017 3490 verba
1048 3428 1168 3492 mutata

129 3533 202 3610 sint,
243 3551 424 3614 semperque
461 3531 559 3597 forma
597 3533 627 3595 in
651 3569 693 3579 -
716 3551 748 3595 re
771 3533 961 3598 restituenda
998 3535 1047 3612 011,
1089 3554 1166 3616 quae

128 3641 310 3724 saepissime
346 3641 427 3724 apud
466 3641 612 3705 Plautum
647 3639 734 3703 libris
771 3660 846 3706 mss.
882 3640 1087 3718 confirmatur,
1119 3641 1166 3705 di-

128 3748 258 3813 iudicari
284 3767 344 3812 non
367 3748 479 3831 potest.
528 3745 616 3812 (lente
637 3748 700 3812 iam
723 3748 943 3812 vetustissimis
973 3748 1165 3830 temporibus

131 3858 262 3938 utraque
281 3856 380 3920 forma
401 3856 516 3920 usitata
540 3856 614 3932 erat,
641 3855 695 3920 sed
724 3855 846 3920 videtur
867 3855 943 3919 mihi
966 3855 1046 3932 inde,
1086 3853 1167 3935 quod

126 3964 259 4030 Plautus
280 3963 460 4044 saepissime
484 3962 581 4027 forma
601 3963 633 4026 in
657 3999 698 4008 —
722 3981 755 4026 re
778 3963 884 4040 utitur,
909 3962 989 4026 effici
1012 3961 1166 4026 11010101-

125 4091 206 4136 mam
233 4071 360 4154 linguae
383 4070 504 4152 vulgari
535 4069 825 4135 acommoda-tionem
861 4069 964 4146 fuisse,
1004 4069 1048 4133 ita
1079 4068 1167 4132 utin

1046 4190 1063 4241 4
