3018 4716
671 779 783 865 ,Pars
805 801 829 864 l.

500 1029 560 1109 lle
589 1028 761 1109 ratione
788 1027 1021 1109 scribendi.

265 1303 267 1308 ·
319 1281 442 1346 Exitum
479 1273 608 1365 genitivi
645 1279 771 1344 locativi
803 1279 901 1344 dativi
932 1281 1098 1366 singularis
1123 1283 1154 1346 et
1176 1284 1275 1346 nomi-

231 1389 329 1453 nativi
355 1388 485 1470 pluralis
510 1388 627 1470 primae
649 1379 861 1451 declinationis
886 1388 960 1452 olim
979 1388 1009 1452 ai
1032 1388 1127 1454 fuisse
1144 1391 1232 1453 const
1252 1392 1275 1454 t.

233 1497 269 1560 ln
293 1494 418 1559 Catonis
443 1495 521 1559 libro
546 1494 583 1559 de
615 1494 803 1578 agricultura
832 1495 951 1558 nullum
990 1496 1073 1560 extat
1108 1496 1273 1577 vestigium

231 1602 388 1690 exitusai
420 1621 518 1683 neque
543 1602 574 1665 in
609 1601 800 1685 fragmentis,
835 1621 903 1665 oum
939 1602 1020 1684 apud
1058 1603 1205 1668 Plautum
1245 1604 1277 1667 et

229 1710 362 1775 Ennium
405 1708 616 1791 compluribus
648 1709 725 1772 locis
760 1709 925 1772 restitutus
958 1710 999 1774 sit
1034 1711 1276 1792 saepissimeque

135 1881 136 1886 ,
220 1816 403 1887 inveniatur
432 1805 517 1899 apud
541 1816 729 1892 Lucretium,
766 1817 897 1894 Nabal,
923 1817 953 1893 2,
981 1819 1124 1898 ilsequ.
1172 1818 1210 1880 ln
1228 1818 1276 1880 in·

230 1923 454 2006 scriptionibus
476 1923 630 1987 invenitur
658 1922 866 2005 diphthongus
898 1923 926 1986 ai
947 1923 1017 1988 inde
1042 1943 1059 1987 a
1086 1924 1276 2006 temporibus

231 2030 455 2112 antiquissimis
479 2049 576 2111 usque
602 2028 639 2094 ad
661 2030 883 2111 imperatorum
907 2031 1047 2112 tempora
1069 2050 1189 2114 semper
1212 2030 1275 2096 fere

228 2137 260 2201 in
289 2138 441 2218 genitivis,
480 2137 601 2214 dativis,
637 2137 778 2200 locativis
815 2137 980 2216 singularis
1016 2137 1113 2220 (locos
1147 2137 1277 2222 collegit

230 2243 358 2309 Corssen
381 2245 397 2307 Ι
422 2248 444 2322 2,
473 2247 550 2328 677)
582 2244 680 2308 rarius
710 2244 741 2306 in
772 2244 969 2309 nominativis
991 2245 1121 2326 pluralis
1156 2245 1274 2327 primae

231 2350 443 2415 declinationis
480 2351 512 2415 et
544 2351 577 2414 in
609 2369 690 2414 nom.
716 2368 778 2414 aoo.
812 2351 890 2431 plnr.
917 2351 1016 2416 neutr.
1049 2350 1274 2433 pronominum.

234 2456 373 2541 (Corsscn
398 2458 458 2536 12,
487 2457 573 2541 680).
623 2455 683 2521 Sed
709 2456 917 2541 diphthongus
949 2476 984 2522 ao
1016 2477 1136 2540 quoquo
1158 2459 1220 2522 iam
1244 2458 1276 2522 in

231 2564 484 2646 inscriptionibus
508 2563 733 2645 antiquissimis
756 2564 920 2643 invenitur,
944 2565 981 2627 ut
1004 2562 1036 2628 0.
1051 2565 1080 2630 J.
1095 2566 1129 2629 L.
1149 2566 1172 2643 Ι,
1200 2566 1274 2643 538,

235 2674 333 2736 181a.
361 2671 405 2749 0.,
431 2671 512 2736 undo
535 2673 618 2735 recte
649 2669 779 2734 Corssen
812 2671 946 2756 collegit,
979 2672 1170 2753 temporibus
1202 2672 1277 2736 belli

232 2777 350 2863 Syriaci
387 2780 417 2843 et
451 2777 642 2842 Macedonici
676 2778 826 2842 incertam
867 2778 962 2842 luisse
999 2780 1276 2860 pronuntiationem

230 2886 314 2950 inter
337 2886 366 2950 ai
396 2887 427 2951 et
451 2905 495 2950 ae.
545 2904 622 2965 quae
648 2903 718 2948 cum
742 2886 786 2948 ito
810 2886 879 2963 sint,
917 2886 989 2966 quia
1025 2885 1105 2967 apud
1130 2885 1277 2952 Catonem

231 2993 350 3057 nullum
372 2993 456 3056 extat
480 2992 646 3076 vestigium
681 2991 834 3056 scribendi
864 2992 991 3056 rationis
1015 2993 1053 3070 ai,
1089 2993 1171 3074 quod
1195 2994 1277 3058 certe

231 3100 347 3164 factum
368 3101 461 3178 esset,
493 3100 519 3164 si
545 3119 580 3163 ea
604 3099 679 3163 usus
701 3101 792 3176 essct,
830 3119 898 3162 cum
924 3099 999 3164 haec
1021 3100 1176 3164 scribendi
1198 3101 1277 3165 ratio

125 3291 127 3295 ι
231 3228 268 3272 ne
301 3208 521 3290 imporatorum
558 3207 765 3270 Romanorum
805 3206 928 3287 quidem
962 3207 1150 3290 temporibus
1184 3207 1277 3290 plane

230 3315 378 3380 inusitata
402 3316 493 3392 esset,
520 3313 703 3388 sumendum
727 3314 775 3378 est
802 3333 873 3378 eum
902 3333 1022 3397 semper
1050 3334 1084 3378 ae
1115 3315 1276 3397 scripsisse

236 3442 339 3504 neque
363 3423 394 3487 in
417 3423 475 3486 hac
496 3442 529 3486 re
551 3421 718 3504 quidquam
741 3422 896 3486 mutatum
921 3441 997 3486 esse.

322 3531 356 3594 ln
390 3529 523 3594 secunda
554 3529 758 3594 declinatione
789 3530 935 3611 pristinos
968 3529 1067 3594 exitus
1098 3530 1281 3594 nominativi

233 3638 398 3721 singularis
423 3637 519 3702 fuisse
544 3657 635 3715 -os,
670 3655 775 3714 -om‚
811 3637 941 3720 genitivi
975 3637 1104 3720 pluralis
1139 3657 1280 3716 —orom‚

232 3764 332 3809 -oro
359 3727 515 3824 uel-om,
531 3764 593 3809 -o
606 3745 736 3822 constat,
762 3745 844 3826 quod
857 3745 938 3808 idem
955 3745 1085 3827 quadrat
1099 3744 1137 3808 ad
1154 3745 1280 3828 genitivi

232 3852 361 3934 pluralis
384 3853 503 3935 primae
538 3853 750 3916 declinationis
788 3853 901 3916 exitum
938 3872 1097 3930 -arums
1119 3853 1171 3933 qui
1207 3852 1281 3915 olim

232 3979 379 4038 -arom
405 3980 457 4024 aro
479 3961 546 4024 suit.
574 3959 702 4024 Corssen
728 3961 767 4038 ΙΙ,
795 3961 847 4025 90.
897 3958 974 4024 Cum
997 3979 1067 4025 vero
1091 3959 1281 4024 Ritschelius

233 4070 265 4133 et
289 4069 512 4133 Mommsenius
534 4068 677 4152 (Corssen
703 4068 742 4145 ΙΙ,
769 4069 824 4152 00)
851 4067 1128 4133 demonstraverint
1149 4086 1165 4131 o
1189 4085 1281 4130 voca-
