2972 4710
567 461 892 523 -1on-·

177 648 261 712 lllud
285 647 428 713 Klolxius
453 649 556 712 censet
588 649 653 733 (qui
685 667 753 712 cum
779 647 926 712 hocloco
961 647 1119 731 coniungit
1146 645 1210 712 Col.

175 755 215 833 ΙΙ,
243 759 272 833 7,
297 757 326 833 2,
353 755 384 818 et
404 776 428 819 r.
453 775 477 818 r.
503 757 545 820 34
568 755 696 840 confert)
724 755 781 820 hoc
803 755 885 819 Keil.
916 754 979 818 obs.
1006 754 1073 818 crit.
1104 774 1135 836 p.
1158 757 1210 818 76.

269 895 394 960 Certum
428 895 576 960 iudicium
612 897 739 978 proferri
773 915 831 960 non
875 896 980 973 audeo,
1025 877 1210 977 quamquam

174 1004 281 1084 negari
309 1022 367 1068 non
399 1005 511 1087 polest,
552 1008 684 1087 capuli)
716 1005 786 1069 libri
818 1004 854 1068 de
896 1004 1085 1086 agricultura
1122 1003 1211 1067 valde

174 1111 310 1175 ieiunum
335 1130 411 1188 esse,
434 1112 478 1175 sca
499 1114 535 1175 ui
556 1112 647 1176 facile
671 1112 789 1194 aliquid
808 1111 954 1176 excidisse
986 1111 1093 1192 possit,
1121 1123 1210 1192 prae=

176 1218 283 1284 sertim
314 1238 383 1282 cum
411 1219 588 1303 viderimus,
626 1221 717 1301 eaput
751 1220 815 1284 siue
850 1219 942 1283 dubio
973 1218 1149 1298 corruptum
1182 1217 1212 1282 eh

175 1327 353 1390 mutilatum
378 1345 454 1391 esso.

141 1463 145 1472 ’
266 1467 391 1533 Catonis
415 1488 525 1533 nomen
548 1488 607 1532 non
637 1470 824 1533 nominatum
862 1469 910 1533 esi
941 1467 1006 1532 Col.
1034 1469 1073 1547 ΙΙ,
1095 1472 1146 1547 21,
1172 1471 1210 1538 3:

173 1576 260 1641 feriis
285 1578 386 1641 aulem
407 1577 485 1640 ritus
508 1577 659 1640 maiorum
684 1578 774 1641 eiiam
799 1576 855 1640 illo
880 1576 1043 1657 permittit,
1074 1577 1119 1640 far
1141 1576 1210 1659 pin-

174 1703 241 1748 sere
267 1721 308 1732 -
331 1684 429 1748 fossas
452 1684 570 1749 veteres
594 1685 723 1767 tergere,
749 1685 838 1766 prada
861 1683 983 1749 sicilire.
1026 1683 1080 1747 ubi
1108 1686 1210 1748 lamen

174 1793 316 1875 excerpta
342 1810 408 1856 esse
431 1791 553 1856 videtur
577 1807 601 1855 r.
627 1813 651 1858 r.
676 1795 705 1866 2,
731 1794 761 1855 4.

264 1933 381 1999 Colum.
414 1933 453 2012 ΙΙ,
493 1929 544 2010 m,
565 1937 611 1998 h:
651 1934 694 1998 M.
724 1933 851 1996 Porcius
881 1930 956 1996 Caio
975 1886 1084 1997 mulis
1123 1933 1210 2015 equis

77 2063 85 2076 ’
173 2041 268 2106 asinis
291 2041 391 2106 nullas
423 2060 489 2105 esse
521 2039 612 2104 feries
646 2039 722 2104 dix'it
756 2039 898 2120 idemque
928 2040 1023 2102 boves
1057 2041 1211 2121 permitti

144 2199 147 2204 .
174 2149 357 2232 coniungere
378 2148 529 2230 lignorum
547 2148 578 2211 ed
596 2148 816 2212 frumenlorum
838 2145 1084 2210 advehendorum
1108 2166 1210 2214 causa.

83 2293 91 2302 ·
175 2256 214 2320 cf.
240 2276 264 2319 r.
289 2276 312 2337 r.
340 2258 412 2321 138.
437 2256 493 2333 ΙΙΙ,
519 2257 547 2334 2,
571 2257 631 2319 31:
662 2255 718 2338 sed
745 2254 823 2317 illud
846 2255 876 2317 in
897 2255 998 2318 lotum
1025 2255 1207 2336 praecipere,

174 2362 256 2443 quod
281 2366 312 2426 et
335 2361 442 2426 Celsus
466 2362 509 2426 aii
533 2364 564 2426 et
587 2365 657 2426 aute
682 2380 752 2425 eum
774 2362 817 2424 M.
844 2359 930 2438 Caio,
963 2361 1081 2425 nullum
1113 2381 1208 2444 genus

175 2471 289 2535 vilium
313 2470 530 2535 conserendum
557 2489 622 2534 esse
644 2469 703 2534 nisi
726 2469 816 2545 fama,
844 2468 962 2531 nullum
991 2467 1106 2532 diutius
1137 2488 1209 2533 con-

97 2559 103 2568 ’
175 2577 356 2642 servandum
394 2579 454 2642 nisi
494 2577 700 2660 experimendo
731 2576 904 2658 prohahum.
959 2574 1100 2639 Klotzius
1134 2575 1209 2639 citat
1239 2613 1242 2620 ·

173 2706 197 2749 r.
223 2706 247 2749 r.
271 2685 324 2762 Vl,
353 2689 380 2762 Ι,
406 2685 460 2749 ubi
484 2685 521 2749 de
540 2684 655 2749 vilibus
687 2683 765 2748 nihil
796 2682 896 2747 simile
928 2682 1050 2760 dicitur,
1085 2682 1208 2748 Keilius

173 2814 202 2875 p.
231 2795 273 2856 76
295 2793 353 2856 hoo
377 2811 497 2874 quoqne
520 2793 552 2856 in
573 2792 651 2856 lihro
677 2791 713 2854 de
745 2791 933 2874 agricultura
956 2789 1106 2854 excidisse
1138 2809 1207 2854 oen-

176 2901 234 2966 set.
282 2897 342 2964 Sed
363 2919 400 2964 ne
431 2900 482 2963 hic
514 2899 783 2980 quidem'certum
811 2899 958 2963 iudicium
990 2898 1063 2962 ferri
1082 2899 1207 2980 ,poiesh
1315 2913 1318 2918 ·

173 3027 245 3072 nam
266 3009 463 3090 praecepium
495 3007 584 3072 facile
610 3007 806 3089 desumptum
835 3027 900 3072 esse
928 3006 1031 3089 polest
1061 3025 1100 3069 ex
1120 3025 1207 3088 prae-

174 3117 272 3200 ceptis
310 3115 347 3180 ad
375 3115 483 3194 filium,
520 3116 701 3197 praesertim
731 3136 799 3180 cum
832 3117 881 3180 hio
916 3115 995 3179 liber
1031 3115 1207 3180 simillimus

173 3224 267 3289 suerii
289 3221 371 3288 Celsi
398 3223 486 3299 libro,
515 3242 606 3304 quem
632 3222 802 3303 Columella
823 3224 922 3306 priore
949 3225 1015 3288 loco
1047 3226 1152 3307 posuit
1177 3228 1208 3290 ei

175 3335 207 3396 et
243 3331 306 3395 sine
339 3330 432 3394 dubio
464 3330 633 3411 exscripsit.
691 3332 855 3394 Praeterea
880 3329 955 3395 Cato
981 3332 1077 3409 Vll
1108 3333 1208 3397 simile

176 3439 252 3504 dicii
276 3438 312 3502 de
337 3438 422 3515 oleis,
451 3437 497 3502 ila
522 3437 557 3500 ul
586 3436 789 3502 Columellam
822 3439 970 3526 memoria
1002 3439 1148 3504 fefellisse
1178 3441 1208 3504 ei

174 3546 311 3612 adoleas
330 3545 472 3608 retulisse
487 3545 637 3622 videatur,
656 3545 736 3626 quod
749 3546 787 3609 ad
804 3547 881 3610 viles
894 3547 1038 3627 pertinet.
1069 3547 1207 3628 Denique

174 3652 344 3717 Columella
367 3653 447 3716 male
471 3653 645 3718 meminisse
669 3654 770 3735 potuit
793 3673 836 3730 ea,
862 3673 940 3735 quae
963 3654 997 3717 in
1019 3673 1082 3735 cap.
1106 3655 1157 3732 ΙΙΙ,
1177 3660 1205 3718 4.
1332 3713 1335 3726 ,

174 3761 375 3827 continentur.
415 3779 473 3825 uno
496 3762 600 3836 verbo,
630 3782 678 3826 res
701 3764 764 3825 ism
785 3762 903 3826 incerta
931 3762 986 3840 esi,
1019 3765 1055 3826 ui
1083 3781 1118 3833 ex
1150 3764 1207 3827 hoo

173 3869 240 3933 loco
264 3867 341 3932 nihil
363 3868 503 3932 concludi
529 3870 631 3951 possid
658 3869 693 3933 de
718 3869 843 3934 Catonis
874 3869 945 3933 libri
974 3869 1080 3934 forma.
1128 3871 1207 3935 Mihi

174 3976 298 4058 quidem
320 3977 495 4058 comparata
517 3975 616 4041 Servii
640 3978 844 4059 explicatione
879 3978 916 4042 ad
945 3979 1036 4059 Verg.
1063 3977 1136 4044 Ceo.
1165 3979 1205 4056 ΙΙ,
1295 3995 1298 4002 ·

175 4086 225 4149 95.
273 4085 430 4150 Raeticam
456 4103 546 4149 uvam
570 4086 627 4150 cei.
672 4086 752 4150 ellici
775 4087 907 4165 videtur,
934 4085 1136 4151 Columellam
1157 4087 1208 4151 hic
