3018 4716
719 383 940 444 ..55-

311 566 406 642 catat,
432 566 477 628 ita
493 567 529 629 ut
541 564 667 630 0515515
691 567 899 650 55151151555
923 567 1091 632 abiudicari
1113 569 1253 650 nequeat,
1281 569 1353 650 quia

311 673 342 736 15
368 673 469 736 1115115
494 672 714 737 vetustissimis
739 675 822 738 5115
847 694 872 740 s.
897 695 921 738 c.
949 674 977 737 d.
997 675 1038 738 Β.
1065 676 1213 759 semperi
1236 676 1352 740 vocalis

310 780 478 862 usurpatur
502 781 594 861 atque
619 782 649 845 in
674 781 895 863 posterioribus
920 801 1040 862 quoque
1071 782 1172 847 t'tulis
1206 802 1351 848 numerus

310 886 478 951 formarum
502 889 513 950 i
537 889 673 952 vocalem
701 889 908 954 exhibentium
931 889 1030 952 multo
1060 890 1158 953 maior
1188 892 1243 966 est,
1278 891 1350 971 quin

315 994 394 1058 tales
418 994 533 1059 formae
556 996 663 1077 quales
698 996 767 1072 ,feci
788 995 897 1074 fecisti,
923 996 1006 1060 15511ι
1043 996 1124 1060 55155
1148 994 1258 1061 051551
1294 997 1350 1060 tri·

311 1102 450 1166 buendae
476 1103 538 1166 5151
560 1103 687 1167 dubium
710 1122 776 1167 esse
800 1123 859 1168 non
881 1105 992 1186 potest.

404 1209 504 1289 Quare
528 1211 559 1274 in
588 1210 635 1273 his
656 1209 762 1274 formis
787 1211 865 1275 liber
890 1211 954 1276 eius
979 1211 1163 1276 mutationes
1193 1230 1250 1275 non
1277 1214 1350 1276 sub-

309 1317 356 1393 iit,
389 1337 458 1381 oum
494 1318 566 1382 libri
596 1337 669 1382 mss.
701 1318 843 1383 omnibus
871 1319 947 1382 locis
976 1337 1027 1382 eas
1062 1319 1229 1401 praebeant
1257 1320 1348 1396 certe,

313 1425 386 1505 quia
408 1425 631 1507 posterioribus
657 1444 777 1507 quoque
810 1427 1000 1508 temporibus
1024 1427 1156 1491 usitatae
1181 1428 1274 1490 eraut.
1311 1426 1347 1491 cf.

312 1531 445 1597 Oorsseu
467 1533 490 1610 1,
516 1553 545 1616 p.
573 1535 636 1596 724
661 1551 745 1613 sequ.
795 1533 988 1614 Quamquam
1008 1535 1041 1600 ei
1061 1533 1124 1596 iam
1146 1535 1177 1596 in
1201 1532 1349 1615 Scipionis

312 1639 413 1722 elogio
436 1641 478 1704 38
503 1659 529 1703 a.
556 1639 588 1704 0.
616 1641 689 1704 139.
713 1640 774 1704 551
791 1660 826 1720 a.
853 1640 885 1703 0.
914 1642 986 1704 132.
1011 1641 1074 1704 541
1100 1659 1126 1703 5.
1152 1639 1184 1704 0.
1214 1643 1273 1704 145
1299 1659 1349 1704 er-

310 1747 366 1822 151,
405 1747 450 1811 115
485 1748 521 1810 51
549 1746 675 1812 0515515
711 1749 806 1811 551511
842 1747 1011 1812 abiudicari
1042 1748 1183 1828 nequeat,
1222 1748 1294 1829 quia
1318 1749 1350 1812 15

312 1854 413 1918 1115115
436 1855 655 1920 vetustistimis
680 1855 710 1918 et
727 1855 760 1918 15
781 1875 804 1918 5.
820 1875 844 1919 5.
861 1855 888 1918 d.
904 1856 940 1918 Β.
966 1873 1087 1936 semper
1102 1855 1113 1918 i
1132 1855 1246 1919 vocalis
1262 1875 1349 1919 usur-

313 1963 405 2044 patur
429 1962 520 2043 atque
544 1962 573 2024 in
597 1962 818 2043 posterioribus
853 1981 973 2043 quoque
998 1962 1098 2025 titulis
1120 1981 1264 2026 numerus
1288 1962 1349 2026 for-

275 2079 280 2088 ·
310 2089 430 2133 marum
468 2069 641 2134 ivocalem
679 2070 885 2133 exhibentium
922 2070 1019 2134 multo
1057 2069 1154 2133 maior
1188 2071 1244 2145 est,
1278 2070 1349 2150 quin

310 2177 389 2240 tales
412 2176 528 2241 formae
559 2176 665 2257 quales
700 2176 793 2253 feci,
827 2176 967 2240 1551511
1001 2176 1103 2240 15511
1134 2175 1216 2240 55155
1241 2174 1350 2240 051551

310 2283 489 2347 tribuendae
511 2285 572 2348 5151
597 2283 724 2347 dubium
743 2302 810 2348 esse
833 2302 892 2347 non
914 2285 1025 2365 potest.

402 2391 504 2470 Quare
520 2393 551 2456 in
576 2393 624 2456 his
647 2391 754 2456 formis
778 2391 857 2455 liber
880 2392 945 2455 eius
966 2391 1152 2455 mutationes
1168 2409 1228 2454 non
1244 2391 1348 2469 subiit,

311 2519 382 2564 cum
408 2499 480 2564 libri
504 2519 578 2565 mss,
604 2499 744 2563 omnibus
767 2499 842 2563 locis
868 2517 918 2562 eas
946 2498 1123 2580 praebeant,
1155 2499 1245 2575 certe,
1278 2499 1350 2579 quia

311 2607 534 2689 posterioribus
581 2625 701 2688 quoque
753 2606 943 2687 temporibus
995 2605 1127 2669 usitatae
1179 2606 1265 2669 erant
1311 2606 1348 2670 51.

310 2713 441 2780 0555555
465 2715 488 2792 1,
521 2735 551 2798 5.
575 2717 639 2778 724
664 2732 748 2794 sequ.
795 2714 881 2776 Neue
902 2714 934 2776 11
950 2715 973 2789 ²,
1000 2714 1062 2777 507
1095 2732 1180 2793 sequ.
1227 2713 1349 2777 Tertiae

312 2841 459 2905 personae
482 2821 611 2904 pluralis
627 2820 755 2903 perfecti
777 2820 870 2885 activi
894 2819 975 2902 apud
998 2819 1144 2884 Catonem
1165 2821 1221 2883 hae
1246 2821 1352 2884 extant

315 2930 444 2994 formae:
469 2929 642 2993 habuerunt
660 2949 685 2993 r.
698 2949 722 2991 r.
736 2926 830 3009 praef.
844 2927 1030 3008 posiverunt.
1049 2926 1090 2990 ib.
1104 2929 1352 2992 monstraverunt

317 3040 392 3102 152.
439 3037 544 3100 Primo
560 3036 634 3099 1555
651 3036 823 3099 habuerunt
843 3035 868 3098 P
883 3034 910 3098 b.
925 3035 962 3098 A.
978 3035 1028 3112 51,
1049 3035 1182 3100 habuere
1203 3054 1230 3098 v.
1253 3035 1349 3100 altero

310 3145 493 3227 posiverunt
506 3145 540 3206 P.
557 3143 594 3206 Α.
610 3144 644 3205 Β.
661 3143 691 3206 51
708 3141 794 3205 codd.
810 3142 947 3218 Victorii,
969 3144 1137 3224 posuerunt
1160 3143 1203 3206 51
1222 3162 1350 3225 posuere

307 3274 335 3317 v.
369 3253 460 3316 tertio
495 3251 562 3315 loco
597 3251 660 3314 sine
695 3249 759 3312 5115
803 3249 1018 3331 discrepantia.
1080 3250 1115 3313 In
1151 3249 1348 3334 fragmentis:

310 3360 530 3424 accessitavere
565 3359 594 3434 8,
622 3361 651 3421 5,
700 3357 812 3423 dedere
850 3357 900 3433 19,
928 3359 957 3421 9.
997 3356 1175 3420 decoravere
1213 3358 1263 3434 19,
1298 3358 1347 3422 lv.

308 3469 441 3532 habuere
467 3467 564 3543 20,1.
588 3466 753 3528 meminere
779 3466 876 3542 9,11.
902 3464 1038 3528 metuere
1064 3467 1115 3542 23,
1131 3467 1160 3528 9.
1193 3464 1349 3529 decessere

311 3577 363 3653 20,
383 3578 431 3639 13.
457 3575 607 3638 rescivere
626 3574 677 3662 21,
693 3577 721 3636 5.
747 3593 891 3654 paravere
909 3574 961 3648 39,
978 3574 1007 3636 3.
1033 3573 1230 3636 verberavere
1249 3575 1302 3646 41,
1319 3580 1347 3636 3.

312 3682 415 3746 videre
441 3682 482 3744 ib.
507 3681 718 3744 obsonitavere
741 3681 862 3758 52,14,
887 3680 1019 3744 habuere
1042 3681 1094 3756 39,
1112 3681 1141 3742 6.
1165 3682 1217 3756 59,
1239 3682 1267 3741 7.
1297 3682 1347 3745 10.

311 3809 358 3871 55.
382 3789 521 3865 051111,
550 3788 635 3864 13,4
667 3788 777 3870 (altero
802 3789 867 3851 loco
892 3787 1025 3851 habuere
1048 3786 1200 3864 Hertzius,
1234 3787 1346 3850 habere

307 3897 392 3980 libri)
423 3914 566 3961 censuere
604 3898 655 3971 64,
670 3897 699 3959 6.
734 3895 853 3959 veniere
890 3897 940 3971 66,
958 3898 985 3959 6.
1020 3894 1224 3976 emptitavere
1262 3897 1347 3972 69,7

309 4006 480 4087 (551551.
507 4003 648 4068 286111.
685 4001 1001 4084 155515551555155,
1037 4001 1235 4082 emptitavere
1264 4002 1346 4068 coni.
