3018 4716
721 384 1057 452 —24-.

313 570 421 634 bulum
441 570 555 654 pariter
577 589 612 634 ac
636 570 770 652 plebes
795 569 1014 636 vetustissimis
1037 570 1230 653 temporibus
1245 570 1363 636 'decli-·

313 677 634 759 nationemquintam
667 677 806 742 secutum
836 695 902 741 esse
934 677 966 740 et
998 677 1107 760 postea
1139 678 1263 742 demum
1295 697 1354 760 per

316 784 488 868 analogiam
511 803 616 849 eorum
640 784 858 848 vocabulorum
881 784 990 848 tertiae
1020 781 1241 862 declinationis,
1272 805 1351 867 quae

313 893 344 957 iu
376 884 561 957 nominativo
596 890 760 974 singularis
794 890 957 954 literis-
982 911 1015 956 66
1049 891 1279 970 concluduntur,
1317 894 1351 958 in

314 999 547 1064 declinationem
570 998 695 1063 tertiam
718 997 886 1064 transiisse.
933 999 968 1062 ln
992 998 1099 1079 quinta
1123 999 1225 1064 autem
1253 999 1349 1064 decli-

312 1107 435 1171 natione
459 1105 587 1190 genitivi
613 1105 773 1170 exitus-
798 1125 830 1170 es
856 1107 887 1170 et
909 1143 951 1152 -
977 1105 1005 1169 ei
1028 1106 1246 1171 vetustissimis
1268 1108 1348 1172 tem-

312 1214 438 1296 poribus
457 1213 520 1278 sine
545 1231 656 1294 magna
680 1212 851 1277 differentia
883 1213 1077 1294 usurpantur,
1111 1232 1241 1295 quorum
1270 1215 1348 1280 alter

312 1321 445 1403 primum
479 1321 511 1384 in
544 1321 577 1387 61
615 1320 797 1396 contractus,
837 1319 945 1384 deinde
983 1320 1013 1384 in
1052 1321 1066 1386 i
1113 1321 1251 1386 mutatus
1291 1323 1347 1396 est.

314 1427 493 1512 (Schneider
515 1449 544 1512 p.
563 1428 637 1506 353,
664 1427 729 1493 354
754 1447 839 1510 sequ.
886 1428 1113 1512 Reisig-Haase
1129 1449 1161 1511 p.
1182 1431 1244 1496 103
1262 1450 1363 1512 sequ..

313 1536 345 1602 et
367 1538 429 1600 not.
453 1539 505 1603 93.
551 1535 721 1601 Buecheler
741 1556 770 1619 p.
799 1539 840 1600 66
866 1554 950 1617 sequ.
998 1536 1085 1600 Neue
1108 1557 1138 1619 p.
1165 1539 1229 1602 375
1263 1559 1347 1621 sequ.

313 1642 442 1709 Oorssen
474 1645 543 1722 112,
576 1645 640 1708 723
666 1646 765 1728 sequ.)
790 1643 871 1725 quod
899 1643 1076 1708 vetustioris
1106 1643 1287 1729 diphthongi
1314 1648 1348 1714 61

314 1751 415 1818 locum
435 1751 543 1834 postea
567 1751 734 1816 obtinuisse
758 1751 820 1814 iam
841 1769 934 1832 supra
954 1750 1097 1815 vidimus.

403 1859 597 1941 Quamquam
615 1858 711 1942 igitur
726 1855 850 1925 Catonis
866 1857 1057 1939 temporibus
1074 1860 1155 1924 certe
1172 1859 1349 1927 usitatiores

314 1967 399 2032 erant
434 1966 563 2050 genitivi
596 1966 627 2030 in
649 2002 691 2012 —
717 1984 749 2030 es
789 1965 820 2029 et
845 2003 886 2012 —
912 1966 940 2028 ei
974 1967 1126 2046 exeuntes,
1173 1969 1276 2033 tamen
1318 1971 1349 2035 in

312 2075 446 2159 genitivo
471 2073 546 2139 fami
565 2093 624 2138 non
647 2075 694 2138 est
718 2072 939 2151 offendendum,
965 2092 1033 2137 cum
1059 2074 1090 2138 et
1112 2075 1142 2138 in
1174 2075 1350 2158 inscriptio-

311 2183 400 2248 nibus
429 2181 571 2266 (Corsscn
594 2182 663 2258 112,
689 2181 765 2265 724)
790 2181 875 2246 etin
900 2173 1098 2262 scriptoribus
1129 2183 1349 2250 vetustioribus

312 2290 468 2354 interdum
489 2289 669 2354 inveniatur.
717 2286 861 2370 (Corssen
884 2287 904 2352 l.
931 2288 970 2372 c.)

404 2396 488 2475 Quae
511 2415 582 2460 vero
619 2395 718 2460 adhuc
739 2394 972 2477 disputavimus,
1002 2414 1038 2460 ea
1065 2395 1105 2460 ad
1128 2395 1351 2462 adieetivorum

314 2523 434 2587 quoque
460 2502 693 2567 declinationem
716 2502 879 2584 pertinent,
911 2503 946 2566 ut
969 2502 1006 2566 de
1030 2503 1078 2567 his
1102 2504 1133 2567 in
1153 2504 1210 2569 hac
1234 2506 1349 2571 disser-

312 2611 438 2676 tationis
460 2611 547 2692 parte
576 2609 653 2674 nihil
677 2609 934 2674 dicendum-sit·-

403 2718 516 2783 Omnes
541 2715 761 2782 adiectivorum
787 2716 975 2798 superlativi,
1002 2717 1055 2798 qui
1076 2718 1107 2782 in
1123 2717 1247 2783 Catonis
1270 2719 1350 2785 libro

314 2825 350 2890 de
375 2825 563 2907 agricultura
585 2824 616 2888 et
636 2823 668 2888 in
691 2823 872 2907 fragmentis
895 2823 1068 2901 traduntur,
1104 2825 1149 2888 ita
1183 2828 1349 2908 comparat

313 2934 392 3010 sunt,
416 2935 451 2997 ut
474 2933 504 2996 in
530 2932 612 2996 exitu
634 2950 669 2997 m
686 2931 864 2995 consonanti
886 2931 1031 2996 ivocalis
1052 2931 1224 3014 praecedat.
1274 2932 1351 2999 Sunt

313 3042 380 3105 octo
420 3041 450 3104 et
477 3038 644 3123 nonaginta
682 3038 862 3122 superlativi
898 3039 928 3101 in
966 3038 1044 3103 libro
1079 3038 1115 3104 de
1151 3040 1349 3123 agricultura,

312 3148 423 3230 quibus
447 3146 631 3226 adiungendi
655 3146 727 3210 sunt
750 3147 818 3210 octo
843 3145 962 3209 numeri
979 3145 1140 3224 ordinales,
1166 3166 1244 3227 quae
1267 3148 1350 3215 idem

313 3255 456 3320 suffixum
473 3255 554 3336 quod
571 3254 750 3336 superlativi
771 3253 937 3318 continent.
977 3251 1049 3318 Sine
1066 3254 1130 3318 ulla
1146 3253 1351 3338 discrepantia

312 3363 479 3446 scripturae
502 3363 534 3427 in
558 3362 697 3427 omnibus
720 3361 768 3424 his
791 3360 897 3424 formis
915 3361 1014 3424 exitus
1028 3361 1184 3427 —imus
1208 3363 1239 3427 in
1262 3364 1350 3428 libris

312 3489 385 3536 mss.
409 3469 551 3534 traditur.
601 3467 751 3534 Similiter
772 3487 821 3533 res
846 3487 877 3532 se
902 3468 995 3532 habet
1017 3469 1048 3531 in
1077 3467 1268 3550 fragmentis,
1297 3473 1350 3537 ubi

311 3577 520 3662 undetriginta
534 3577 737 3658 superlativas
752 3576 782 3639 in
796 3613 837 3623 —
851 3576 899 3638 im
911 3595 954 3669 us
970 3576 1209 3656 numeravimus,
1220 3597 1350 3660 quorum

314 3686 346 3750 in
368 3705 427 3750 uno
449 3686 564 3750 incerta
589 3686 636 3748 661
656 3684 758 3760 lectio,
788 3683 918 3766 proximi
938 3683 1029 3760 50‚3
1055 3703 1102 3764 ap.
1126 3683 1205 3750 dell.
1230 3685 1268 3765 X,
1295 3690 1348 3765 24,

315 3795 365 3859 10.
413 3793 483 3857 Non
506 3813 535 3874 p.
560 3791 623 3856 153
647 3791 807 3873 (proxumo
832 3790 925 3856 Nonii
942 3779 1097 3856 Guelferb.
1124 3792 1155 3856 et
1181 3792 1348 3860 deteriores

297 3901 397 3966 leid.
422 3900 559 3982 proximo
580 3899 748 3964 Vossianus
771 3899 850 3964 teste
875 3898 1106 3983 Hullemanuo.)

404 4009 488 4100 Quae
509 4028 577 4074 oum
605 4007 650 4073 ita
682 4007 751 4088 sint,
787 4027 821 4072 ex
842 4006 991 4074 librorum
1018 4027 1090 4073 mss.
1127 4007 1186 4073 fide
1222 4009 1364 4096 colligas¹
