2972 4710
564 455 785 518 -au-

148 643 366 726 superscripto
407 642 428 706 l'
464 642 521 721 tor,
563 642 617 710 sed
656 662 691 708 ex
729 644 903 710 coniectura
932 645 968 709 ut
1001 644 1123 710 videtur
1157 647 1192 722 P,

147 749 333 831 obsequitur
371 750 484 832 partim
522 749 589 814 Ab
613 769 637 814 c.
666 750 747 815 Viot.
784 751 982 832 obsequituro
1016 752 1138 833 partum
1172 752 1192 816 f.

148 857 317 938 obsequito
340 859 481 939 prompte
504 876 533 934 v,
568 857 748 939 obsequitur
770 858 876 922 statim
899 858 1073 944 iucundus)
1103 878 1194 942 prae·
1271 849 1275 859 ’

147 963 219 1028 fato
242 984 266 1029 r.
290 984 314 1028 r.
351 966 454 1041 134,1
492 963 659 1046 (praefecto
688 966 725 1029 ut
755 964 878 1029 videtur
899 964 939 1048 A)
976 965 1087 1048 quibus
1123 965 1196 1031 addi

146 1072 259 1154 potest
292 1071 391 1136 forma
415 1072 591 1155 persequito
617 1093 641 1139 r.
665 1093 690 1136 r.
715 1075 800 1151 49,2
824 1073 1012 1162 (persequito
1043 1073 1154 1138 VAb.
1169 1093 1194 1139 c.

147 1179 349 1261 persequitor
390 1178 565 1264 Jucundus)
608 1197 741 1262 apocope
773 1199 851 1261 quae
893 1180 1005 1246 dicitur
1046 1182 1196 1264 explicare

148 1285 261 1350 studet
283 1285 432 1374 Dietzius,
457 1285 622 1350 falsissime
649 1287 713 1350 sine
738 1286 840 1351 dubio.
888 1286 986 1353 Immo
1010 1289 1196 1354 vacillabant

147 1392 284 1457 Romani
305 1393 385 1456 inter·
410 1392 544 1457 activum
578 1393 610 1457 et
639 1394 806 1476 passivum,
839 1413 969 1476 quorum
1000 1395 1058 1460 hoc
1087 1395 1196 1477 postca

148 1499 183 1562 in
208 1498 315 1583 lingua
337 1502 454 1564 urbana
477 1500 543 1564 sola
566 1501 682 1564 usitata
707 1503 782 1578 erat,
815 1521 884 1566 curn
916 1503 1050 1568 activum
1074 1503 1195 1584 linguae

149 1607 277 1690 vulgari
309 1606 575 1672 accommodatum
612 1609 704 1687 00001,
750 1607 846 1690 quod.
868 1608 1066 1674 confirmatur·
1099 1610 1197 1675 forma

148 1714 299 1792 hortavit,
335 1733 413 1794 quae
436 1714 518 1778 redit
564 1714 634 1780 Seu.
658 1715 745 1802 Suas.
778 1717 815 1794 V,
841 1718 860 1782 8
886 1716 924 1780 cf.
947 1717 1089 1800 Rebling.
1121 1717 1143 1781 l.
1169 1735 1194 1781 c.

149 1841 181 1904 p.
211 1821 264 1899 21,
304 1822 390 1886 Neue
414 1822 454 1900 Π,
490 1841 563 1906 pag.
590 1825 665 1888 269.
713 1822 800 1888 Idem
823 1824 961 1906 pertinet
995 1822 1033 1887 ad
1064 1824 1196 1888 formam

149 1928 311 2010 auspicavi
345 1928 404 2012 frg.
438 1930 557 2007 3o,10.
595 1929 792 2013 auspicamus
829 1933 881 2009 47,
899 1933 950 2007 16,
988 1931 1070 2012 quod
1097 1931 1196 1995 active

150 2035 322 2117 usurpatur
345 2055 394 2117 ap.
419 2036 581 2115 Naeuium,
603 2037 766 2115 Plautum,
789 2037 846 2102 001.
871 2037 902 2101 01
925 2038 1046 2102 iterum.
1082 2036 1196 2120 Appul.

150 2141 236 2206 Flor.
262 2142 345 2220 XVI,
373 2145 424 2207 66.
470 2141 585 2208 Arnob.
610 2143 650 2222 Il,
676 2144 967 2223 6701000110,
995 2144 1069 2209 275.
1096 2145 1197 2209 furare
1295 2205 1297 2210 .

150 2249 214 2333 frg.
240 2252 325 2326 61,9
358 2250 393 2314 01
415 2251 529 2315 iterum
552 2252 694 2336 Fulgent.
719 2252 816 2335 myth.
840 2251 881 2330 Il,
907 2255 936 2316 6.
983 2252 1097 2335 Appul.
1122 2251 1196 2318 met.

150 2353 192 2434 X,
223 2358 263 2420 14
297 2377 326 2439 p.
354 2358 428 2422 704.
475 2358 563 2423 Neue
604 2358 644 2436 ΙΙ,
667 2379 699 2441 p.
724 2359 799 2424 289.
837 2359 956 2442 largito
985 2358 1042 2440 frg.
1077 2361 1194 2437 52,11

156 2463 264 2527 contro
288 2463 443 2547 deponens
471 2465 528 2546 irg.
554 2467 608 2544 37,
624 2468 653 2543 6,
688 2466 799 2548 quibus
824 2465 896 2532 addi
929 2465 1060 2530 fortasse
1094 2467 1198 2548 potest

126 2570 259 2636 'forma
281 2591 405 2636 nascere
436 2592 460 2636 r.
485 2592 510 2636 r.
539 2575 611 2650 151,
626 2575 655 2650 4,
694 2573 731 2637 de
764 2593 825 2654 qua
857 2572 1013 2648 dubitavit
1047 2574 1196 2653 DietziuS,

150 2697 224 2742 oum
247 2677 443 2743 confirmetur
459 2679 585 2762 optimis
608 2677 694 2744 codd.
716 2682 751 2744 P.
768 2681 805 2744 A.
819 2680 856 2744 R.
891 2680 1030 2764 (gramen
1049 2681 1137 2746 nasci
1152 2680 1196 2765 u).

156 2784 222 2850 Sed
265 2805 334 2850 cum
358 2806 382 2848 r.
407 2806 431 2850 r.
461 2789 519 2851 128
551 2786 673 2870 legatur
692 2788 842 2866 nascetur,
878 2809 901 2852 r.
916 2808 939 2852 r.
966 2791 1007 2852 91
1038 2787 1200 2852 nascentur

154 2912 256 2975 neque
277 2893 411 2958 activum
436 2893 499 2957 ullo
524 2893 584 2959 alio
609 2895 792 2977 scriptorum
815 2896 1023 2961 Romanorum
1040 2895 1107 2959 loco
1125 2913 1198 2959 cou-

150 3001 296 3066 firmetur
331 3001 368 3065 cf.
394 3002 480 3065 Neue
497 3001 536 3080 ll,
570 3023 601 3085 p.
626 3004 691 3068 306
711 3003 857 3078 ,11101000
894 3004 995 3068 locum
1021 3005 1199 3086 corruptum
1323 2995 1325 2999 ’
1443 3071 1447 3080 ,

151 3127 220 3174 0000
246 3127 300 3174 000
323 3109 522 3195 10οζ0101011.
546 3130 570 3174 r,
591 3130 615 3174 r.
641 3114 726 3190 95,2
765 3112 869 3176 autem
894 3112 924 3175 in
940 3111 1038 3175 Keilii
1066 3111 1198 3176 editione

151 3236 235 3281 nuuc
256 3217 337 3282 recte
362 3217 558 3282 emendatum
580 3219 627 3282 001
652 3218 805 3284 nascetur.
832 3220 902 3302 (nou
923 3219 1066 3282 nascetur
1090 3238 1196 3301 super-

152 3324 267 3407 scripto
288 3323 309 3386 l'
333 3325 456 3391 nocebit
479 3324 517 3390 A.
548 3345 611 3391 non
632 3329 778 3393 nascetur
804 3328 870 3391 Vc.
903 3344 965 3390 uon
988 3325 1111 3390 nocebit
1134 3329 1163 3392 b.
1178 3328 1198 3391 f.

152 3441 191 3505 cf.
226 3439 326 3520 annot.
363 3439 493 3503 Victorii
524 3457 571 3520 ap.
597 3439 678 3504 Keil.
718 3439 763 3504 110
806 3456 864 3503 non
901 3438 964 3503 fore
1001 3440 1198 3507 convolvulus

152 3549 233 3613 Plin.
259 3547 358 3624 XVll,
383 3548 470 3630 264).
519 3547 577 3612 Η10
607 3547 713 3611 formis
746 3546 872 3630 adiungi
900 3547 1030 3629 possunt
1060 3548 1197 3631 perfecta

152 3655 300 3720 inusitata
324 3655 390 3719 ausi
413 3654 471 3738 fr'g.
498 3656 549 3732 63,
565 3656 594 3718 4.
621 3655 653 3718 01
675 3654 755 3718 00101
779 3653 847 3720 cat.
874 3674 920 3737 ap.
952 3655 1036 3720 Varr.
1058 3655 1114 3720 l.l.
1140 3657 1195 3735 lX,

156 3765 217 3827 107
243 3783 272 3845 p.
300 3761 364 3828 535
389 3760 452 3845 Sp,
489 3781 557 3826 curn
589 3781 694 3840 ,ausus
734 3768 813 3826 000]ι
847 3762 1026 3827 exhibeatur
1057 3763 1115 3847 frg.
1141 3766 1196 3828 41.

153 3870 225 3935 fitur
258 3870 289 3934 01
320 3869 472 3934 fiebantur
509 3869 566 3954 frg.
591 3871 865 3949 48,140142,5
904 3889 939 3935 ox
976 3870 1117 3954 analogia
1150 3870 1199 3936 in·

154 3977 264 4042 finitivi
297 3977 376 4042 fieri.
433 3978 576 4042 Fenerari
613 3999 637 4042 r.
663 3998 688 4041 r.
712 3977 807 4060 praef.
845 3977 997 4061 deponens
1033 3977 1088 4055 est,
1131 3996 1200 4042 cum

157 4084 237 4167 apud
261 4085 338 4151 alios
366 4085 530 4168 scriptores
555 4086 728 4168 complures
748 4085 863 4150 formae
895 4084 986 4150 activi
1008 4083 1200 4155 inveniantur
