2972 4710
691 434 933 507 *164⁴

283 625 451 719 66616664,
477 637 530 712 66,
557 635 608 711 66,
634 636 687 711 67,
712 634 764 710 68,
789 631 877 697 66166
901 631 1103 698 recentiorem
1124 630 1253 696 formam
1268 631 1317 696 in·

286 742 391 808 dicant
414 742 508 822 verba
530 740 632 826 priora
653 739 763 823 capitis
787 743 847 805 26:
871 739 1025 804 vindemia
1045 739 1128 804 facta
1151 757 1225 804 vasa
1253 739 1316 803 tor-

284 851 363 928 6616,
389 850 530 914 corbulae
544 885 585 896 —-
598 867 654 912 suo
666 847 802 930 quidque
817 847 884 912 loeo
901 846 1012 912 condi‘.
1061 844 1239 926 Sequuntur
1248 865 1315 911 meo

281 957 395 1022 iudicio
419 956 520 1040 capita
551 958 592 1021 32
625 955 657 1020 66
680 957 732 1034 33,
771 955 818 1019 ita
856 954 989 1034 quidem,
1015 954 1052 1017 66
1079 955 1172 1036 caput
1198 956 1239 1019 32
1265 952 1316 1018 de·

282 1065 439 1148 sumptum
459 1064 501 1128 sit
524 1082 560 1128 on
582 1062 749 1128 recentiore
773 1061 880 1140 forma,
902 1062 994 1144 caput
1017 1062 1058 1127 33
1082 1080 1118 1125 ex
1139 1061 1315 1126 vetustiore.

281 1171 384 1252 Atque
402 1169 590 1252 ingenuino
613 1169 692 1234 libro
712 1168 845 1251 primum
870 1169 974 1233 aetum
998 1173 1067 1233 erat
1098 1167 1135 1232 (16
1160 1168 1317 1234 arboribus

281 1278 436 1362 66666116,
470 1276 579 1342 161666
604 1276 642 1342 dc
665 1277 755 1342 vinea
778 1275 921 1353 curanda,
955 1295 1032 1358 quae
1063 1275 1124 1340 duo
1156 1276 1257 1357 capita
1287 1275 1318 1340 in

280 1405 376 1450 unum
403 1387 444 1450 32
473 1383 631 1450 contracta
666 1383 737 1448 suut
768 1383 800 1448 in
829 1383 997 1448 recentiore
1024 1382 1131 1448 forma.
1177 1383 1228 1460 Ei,
1265 1383 1319 1464 qui

279 1494 393 1559 librum
417 1491 646 1569 contaminavit,
680 1490 818 1582 quaeda
843 1491 1001 1556 arboribus
1028 1490 1260 1574 praecipiuntur
1286 1491 1318 1554 in

281 1601 382 1683 eapite
395 1603 447 1677 32,
473 1599 548 1664 66616
562 1617 629 1664 6666
652 1598 842 1677 videbantur,
864 1617 941 1680 quae
969 1597 1005 1664 (16
1029 1598 1135 1678 vineis,
1159 1597 1315 1675 ieiuniora,

281 1726 378 1788 quare
403 1705 537 1788 primum
560 1725 595 1770 ex
625 1706 791 1770 recentiore
810 1705 912 1771 -forma
943 1707 1035 1787 caput
1063 1704 1316 1786 3261666666616,

281 1813 482 1890 (1616166616
507 1813 600 1896 caput
622 1815 664 1878 33
689 1813 838 1878 adiunxit.
885 1813 1010 1878 Vetusti
1033 1813 1144 1894 capitis
1168 1813 1213 1878 32
1243 1812 1318 1876 haec

280 1921 375 1986 verba
409 1920 546 1984 iudicant
589 1923 822 2004 argumentum:
860 1921 983 1985 arbores
1014 1921 1133 1985 mature
1166 1919 1234 1984 face
1268 1920 1317 1983 in-

280 2028 376 2111 cipias
404 2028 528 2111 putare.
577 2027 699 2092 arbores
740 2027 798 2093 hoo
838 2027 930 2092 modo
969 2027 1123 2110 putentur,
1164 2027 1244 2092 rami
1272 2026 1318 2091 uti

280 2134 494 2211 ‹livetrioentur¹
533 2151 610 2214 6666
638 2134 801 2216 relinques,
837 2135 868 2200 66
896 2134 943 2199 661
973 2136 1055 2200 66666
1082 2134 1250 2200 caedantur
1288 2132 1318 2198 66

285 2261 323 2308 66
345 2241 476 2306 nimium
501 2241 601 2305 crebri
626 2241 847 2322 relinquantur.
881 2242 1004 2308 arbores
1027 2242 1130 2306 ¹facito
1162 2241 1210 2307 uti
1241 2241 1317 2305 bene

279 2349 406 2414 maritae
431 2348 501 2412 6166.

370 2454 488 2520 Deinde
522 2455 683 2520 revocatur
714 2457 812 2521 oratio
842 2457 884 2521 ad
914 2457 1075 2522 sementim
1104 2457 1135 2521 66
1161 2455 1315 2538 excipiunt

278 2563 387 2646 priora
408 2563 510 2644 capita
529 2565 581 2640 34,
608 2565 660 2640 35,
679 2564 730 2640 36,
754 2565 806 2628 37.
853 2564 900 2628 116
924 2565 1029 2630 ordine
1050 2565 1161 2629 horum
1176 2563 1314 2646 capitum

277 2670 340 2734 iam
370 2687 462 2752 supra
494 2669 610 2734 dictum
645 2671 701 2747 666,
737 2670 811 2734 item
847 2671 940 2737 verba
975 2691 1140 2750 ,amurcam
1164 2668 1315 2752 -priua

279 2796 338 2842 non
359 2777 434 2842 6166*
457 2777 659 2842 recentiorem
674 2776 803 2842 formam
825 2779 936 2860 capitis
961 2781 1002 2843 93
1020 2779 1154 2844 indicare
1170 2779 1235 2842 iam
1259 2794 1314 2840 ex-

278 2883 416 2965 positum
447 2886 504 2948 666.
551 2883 640 2960 Vide,
669 2883 820 2965 quomodo
850 2885 887 2962 16,
921 2885 974 2966 661
999 2885 1081 2950 hunc
1100 2885 1214 2950 librum
1244 2901 1314 2948 con·

278 2989 449 3066 terminavit,
484 3008 562 3071 quae
605 2989 766 3055 cohaerere
805 2991 994 3071 videbantur,
1031 3013 1067 3058 cx
1100 2996 1231 3074 utraque
1264 3009 1314 3054 re-

278 3096 419 3162 censione
443 3095 643 3164 coniunxerit

369 3204 448 3268 Tum
472 3205 504 3268 16
527 3204 659 3287 genuino
684 3203 809 3270 6666616
832 3205 911 3300 61166
941 3208 1005 3272 6166
1038 3207 1130 3272 dubio
1164 3227 1200 3273 66
1222 3227 1313 3290 prae-

277 3314 368 3393 cepta
391 3311 609 3392 sequebantur,
638 3331 715 3392 quae
746 3312 974 3395 1666616617.
1006 3317 1047 3381 23
1081 3319 1185 3399 (quom
1215 3317 1311 3399 pluet,
1347 3331 1351 3337 '

278 3417 370 3500 quala
393 3419 550 3500 parentur,
576 3419 756 3498 sarciantur,
788 3420 835 3484 far
856 3422 999 3500 molatur,
1024 3442 1131 3488 menae
1163 3425 1311 3503 66666666,

278 3524 362 3590 61666
395 3525 530 3590 caducae
561 3526 748 3611 sallientur).
787 3529 837 3605 37,
872 3530 901 3592 3.
934 3530 975 3592 39
1011 3531 1210 3616 continentur.
1265 3531 1314 3596 Ac

278 3632 412 3714 primum
432 3632 566 3713 quidem,
597 3638 634 3697 ut
663 3635 765 3716 priora
785 3636 889 3713 verba,
918 3635 964 3699 166
992 3640 1161 3702 extremum
1193 3657 1313 3720 quoque

277 3743 370 3821 caput
398 3740 437 3804 31
465 3738 662 3822 desumptum
695 3743 742 3806 est
775 3760 814 3805 ex
845 3742 1013 3807 recentiore
1046 3743 1143 3809 forma
1173 3745 1244 3810 libri
1274 3745 1313 3810 de

276 3846 473 3930 agricultura,
499 3866 593 3928 quare
615 3866 685 3911 oum
707 3847 787 3912 nihil
810 3849 1039 3914 contineatniei
1058 3851 1184 3918 16616166
1201 3852 1314 3935 capitis

276 3956 316 4016 17
343 3953 374 4017 66
397 3955 449 4031 37,
473 3957 503 4031 3,
527 3953 655 4018 missum
679 3954 836 4020 faciamus.

367 4059 501 4148 Reliqua
524 4079 595 4126 vero
619 4062 665 4126 166
689 4061 903 4128 constituenda
923 4065 1042 4144 sunto
1081 4067 1135 4146 616,
1160 4086 1238 4150 6666
1259 4067 1314 4133 61-
