3018 4716
648 445 846 504 „5ss

220 629 258 693 cf.
295 629 384 694 Brut.
419 629 503 707 XVI,
542 632 583 694 63
629 649 725 712 sequ,
769 630 827 695 hoe
872 630 973 714 magis
1006 630 1124 712 patriae
1163 649 1266 695 amore
1296 682 1298 686 .

220 737 364 801 ellectum
407 755 473 801 esse
508 755 599 817 quam
635 737 760 802 ueritati
794 737 978 820 respondere
1008 737 1079 801 inde
1123 738 1265 814 edicitur,

220 843 303 925 quod
327 844 444 908 Brutus
467 863 537 908 eum
561 844 670 909 irridet
693 844 725 910 et
748 844 785 909 de
809 842 934 909 Catonis
960 844 1149 909 orationibus
1173 845 1265 909 dicit:

309 951 485 1036 significant
509 952 590 1016 enim
619 952 748 1017 formam
781 952 935 1034 quandam
965 952 1093 1035 ingenii,
1126 951 1180 1017 scd
1210 952 1264 1016 ad-

219 1058 345 1123 modum
380 1058 554 1141 impolitam
581 1060 612 1123 et
645 1060 736 1142 plane
758 1059 876 1124 rudem.
925 1059 963 1123 ol.
989 1059 1076 1123 Brut.
1111 1059 1264 1137 LXXXV,

220 1168 284 1231 293
332 1184 417 1248 sequ.
488 1166 629 1248 Denique
675 1167 816 1231 Dietzins
863 1166 1004 1232 coneedit
1043 1165 1265 1248 praefationem

221 1273 427 1338 emendatiore
452 1274 598 1356 scriptam
623 1293 690 1338 esse
715 1293 854 1339 sermone
892 1293 984 1356 quam
1014 1273 1130 1338 librum
1161 1274 1263 1356 ipsum

221 1381 252 1444 et
275 1381 399 1465 singula
422 1380 495 1444 libri
519 1382 621 1463 capita
642 1383 673 1445 in
699 1381 821 1446 dicendi
855 1400 964 1466 genere
988 1381 1163 1464 paullulum
1186 1381 1266 1445 inter

221 1507 252 1553 se
277 1488 460 1572 discrepare,
488 1507 558 1552 cnm
574 1488 635 1553 alia
659 1489 841 1566 accuratius,
867 1489 928 1553 alia
943 1489 1158 1573 neglegentius
1182 1493 1278 1553 com-'

220 1597 323 1678 pesile
349 1595 419 1673 sint,
458 1595 519 1660 alia
549 1614 688 1661 sermone
718 1596 823 1678 paullo
860 1596 1042 1677 antiquiore,
1080 1596 1141 1660 alia
1160 1595 1265 1678 paullo

220 1704 399 1768 recentiore.
447 1703 582 1767 Maxime
606 1705 686 1767 inter
707 1705 808 1786 prima
830 1704 901 1767 libri
932 1703 1035 1786 capita
1058 1704 1089 1767 et
1120 1705 1264 1781 extrema,

221 1810 297 1874 ut5
323 1811 355 1874 et
380 1812 443 1874 144
468 1809 673 1875 differentiam
710 1810 864 1903 quandum
899 1811 1058 1888 sermonis,
1100 1811 1200 1892 qualis
1230 1829 1267 1874 ex

219 1917 401 2000 perfectiore
442 1917 643 1999 componendi
681 1919 746 1982 arte
778 1917 992 1982 tantummodo
1023 1917 1095 1981 oriri
1130 1918 1268 1999 potuerit

221 2024 253 2088 et
284 2025 410 2109 liuguae
446 2043 621 2107 progressu,
660 2044 731 2089 sane
765 2025 960 2107 conspicuam
996 2024 1104 2089 uideri.
1165 2024 1266 2104 Quare

221 2132 363 2197 Dietzius
388 2132 500 2196 statuit
529 2132 643 2197 librum
679 2132 716 2197 de
753 2133 943 2217 agricultura
976 2139 1039 2196 non'
1069 2151 1128 2196 uno
1161 2133 1267 2198 tenore

222 2239 371 2322 scriptum
399 2258 476 2317 esse,
499 2239 553 2303 sed
578 2259 655 2321 quae
674 2240 807 2304 manime
845 2239 947 2304 essent
968 2240 997 2303 iu
1022 2239 1114 2304 rebus
1142 2240 1267 2304 rusticis

225 2339 564 2429 servanoa'praeeepta,
605 2365 673 2410 cum
711 2347 874 2428 paullatim
908 2345 1027 2411 invenis
1050 2346 1099 2411 vel
1134 2347 1181 2411 vir
1207 2346 1267 2412 sibi

225 2453 415 2533 annotasset,
453 2454 562 2535 postea
594 2471 697 2518 senem
730 2454 897 2518 multarum
931 2473 1032 2517 rerum
1069 2455 1204 2536 peritum
1234 2455 1265 2517 in

222 2560 359 2626 ordinem
393 2560 544 2643 quendam
581 2561 738 2644 redegisse
774 2563 866 2644 atque
903 2561 1070 2626 contulisse
1107 2562 1138 2625 in
1171 2581 1264 2626 unum

223 2667 347 2745 librum,
395 2667 509 2732 librum
555 2669 600 2732 ita
636 2669 808 2732 confectum
850 2668 1038 2751 praelatione
1073 2669 1265 2734 instruxisse.

221 2775 289 2855 Qua
314 2776 468 2840 sententia
489 2794 534 2854 ea,
556 2795 634 2859 quae
659 2777 690 2839 iu
713 2773 838 2840 Catonis
862 2776 951 2854 libro,
978 2795 1070 2858 quem
1093 2795 1148 2840 nos
1170 2776 1265 2843 habe-

219 2903 298 2962 mns,
322 2883 481 2948 offensioni
505 2884 587 2961 sunt,
611 2883 698 2947 nullo
723 2884 816 2948 modo
843 2883 1041 2966 explicantur,
1075 2903 1148 2947 nam
1180 2883 1266 2948 deest

221 2991 294 3056 ordo
328 2991 463 3073 quidam,
492 2991 674 3073 repetuntur
709 2993 831 3073 saepius
862 2991 977 3069 eadem,
1013 2991 1167 3073 discrepat
1200 3011 1265 3055 ser-

219 3100 319 3163 monis
343 3099 432 3163 ratio.
481 3097 609 3162 Accedit
633 3098 715 3180 quod
740 3097 887 3163 Catonem
914 3099 1037 3162 omnino
1069 3099 1158 3163 libris
1190 3100 1266 3164 sori-

219 3206 329 3272 bendis
354 3225 479 3289 operam
504 3205 624 3271 dedisse
659 3207 774 3270 scimus
805 3205 967 3290 grandiore
999 3206 1123 3270 demum
1154 3207 1265 3285 aetate,

221 3333 282 3396 qua
306 3314 446 3378 uoniam
471 3313 603 3394 negotiis
627 3313 761 3395 publicis
784 3312 974 3377 retinebatur
1000 3314 1092 3397 atque
1113 3315 1175 3378 olio
1201 3335 1267 3380 sese

221 3421 370 3498 dederat;
395 3421 527 3504 denique
542 3441 576 3486 eo
598 3422 758 3500 refellitur,
776 3421 855 3503 quod
870 3441 905 3485 er
926 3422 979 3499 eis,
1000 3441 1076 3503 quae
1089 3422 1268 3486 Nitzsohius

223 3529 298 3593 dier.
326 3529 442 3611 antiqu.
471 3531 555 3594 1845
586 3550 615 3612 p.
641 3532 705 3595 493
731 3547 816 3610 sequ.
843 3530 992 3611 exposuit,
1028 3529 1169 3608 efficitur,
1209 3529 1267 3594 Oa-

219 3638 325 3702 tonem
348 3636 387 3702 ad
420 3638 538 3702 certum
570 3637 698 3700 fundum
734 3637 915 3719 respexisse,
952 3638 1005 3718 qui
1035 3638 1065 3701 in
1102 3635 1268 3719 Campania

221 3745 299 3809 situs
324 3745 401 3808 erat.
450 3743 539 3824 Quod
563 3744 716 3808 Nitzsohii
735 3745 887 3828 judicium
912 3745 1029 3809 rectum
1054 3763 1120 3809 esse
1151 3745 1267 3825 opinor,

222 3871 411 3934 quamquam
426 3852 694 3918 Reitzensteinius.
722 3851 757 3916 de
783 3852 966 3935 scriptorum
988 3852 1033 3916 rei
1052 3852 1194 3929 rusticae,
1216 3851 1269 3932 qui

220 3959 417 4025 intercedunt
447 3960 527 4025 inter
561 3959 706 4024 Catonem
742 3961 773 4023 et
796 3959 1000 4025 Columellam
1036 3960 1124 4023 libris
1159 3959 1268 4040 deper-

223 4067 307 4136 ditis.
350 4069 381 4135 iu
420 4068 581 4136 sententiis
620 4068 824 4134 controversis
864 4067 1072 4135 dissertationi
1116 4067 1268 4132 adiunctis
