2972 4710
677 413 920 476 -138-

283 603 438 666 veroium
462 620 498 666 eo
522 601 601 666 libro
630 620 704 666 usus
729 603 785 674 111,
821 603 873 680 qni
907 601 964 666 boc
994 601 1083 664 modo
1122 603 1208 666 ortus
1244 603 1326 666 erat.

282 707 334 790 (cf.
361 706 526 772 Schneider
549 728 578 789 p.
607 709 679 772 121.
707 711 792 790 166).

367 835 392 880 r.
425 835 448 879 r.
483 815 524 879 11
566 815 616 878 111
651 815 758 879 statim
795 813 963 897 adiungam
1000 833 1025 876 1.
1065 834 1089 879 r.
1129 816 1203 891 133,
1246 833 1318 879 cum

280 921 364 986 idem
395 921 437 985 sit
461 947 498 975 z
524 921 604 985 Plin.
641 920 740 996 XVII,
777 923 828 997 13,
866 922 918 984 96.
960 921 1001 984 97
1043 918 1119 984 Cato
1158 921 1326 1002 propagari

280 1031 406 1110 praeter
441 1027 537 1092 vitem
569 1027 666 1091 tradit
700 1027 802 1103 ficum,
837 1026 945 1102 oleam,
982 1027 1135 1108 punicam,
1172 1027 1328 1092 malorum

280 1153 392 1220 genera
414 1135 526 1211 omnia,
561 1133 691 1210 laurum,
723 1152 862 1215 pruna,
897 1132 1042 1216 myrtum,
1076 1152 1169 1197 nuces
1208 1134 1327 1198 abella-

283 1260 338 1306 nas
385 1241 418 1306 et
471 1240 697 1317 Praenestinas,
755 1239 925 1320 platanum.
1005 1240 1215 1324 Propaginum
1266 1240 1326 1304 duo

282 1367 412 1430 genera:
447 1365 531 1411 ramo
566 1347 603 1411 ab
635 1345 743 1410 arbore
775 1346 918 1428 depresso
950 1346 980 1409 in
1013 1347 1152 1410 scrobem
1177 1348 1327 1428 quattuor

280 1454 393 1537 pedum
418 1472 540 1535 quoquo
565 1454 596 1517 11
618 1453 690 1535 1111
712 1453 868 1516 biennium
897 1453 1058 1534 amputato
1092 1453 1174 1516 11111
1203 1453 1325 1535 planta·

281 1580 340 1644 que
386 1561 538 1625 translata
572 1560 642 1641 post
684 1559 856 1637 trimatum,
906 1578 982 1640 quas
1022 1559 1048 1623 si
1081 1560 1204 1643 longius
1247 1559 1324 1623 ferre

282 1667 387 1744 libeat,
413 1667 443 1730 in
468 1667 568 1748 qualis
594 1666 701 1730 statim
724 1667 778 1730 aut
802 1666 885 1730 vasis
910 1665 1057 1729 fictilibus
1086 1665 1229 1731 defodere
1253 1686 1324 1748 pro-

280 1775 409 1857 pagines
434 1774 642 1856 aptissimum,
677 1775 711 1836 ut
745 1773 775 1836 in
808 1773 855 1836 his
890 1773 1123 1837 transferantur.
1184 1773 1324 1838 Alteram

282 1900 379 1966 genus
401 1881 588 1958 luxuriosus,
622 1881 651 1944 in
676 1881 743 1962 ipsa
764 1883 872 1945 arbore
895 1881 1014 1945 radices
1038 1881 1236 1946 sollicitando
1260 1882 1323 1946 tra-

280 1989 370 2053 iectis
392 2007 446 2069 per
469 2007 544 2052 vasa
565 1987 674 2051 fictilia
693 1988 742 2051 vel
766 1987 874 2067 qualos
895 1988 989 2052 ramis
1018 1987 1159 2067 terraque
1193 1989 1322 2053 circum-

280 2095 381 2173 lartis,
407 2099 499 2174 atque
531 2095 589 2159 hoc
618 2093 827 2158 blandimento
859 2095 1033 2175 impetratis
1064 2093 1220 2159 radicibus
1244 2097 1324 2161 inter

279 2221 373 2285 poma
403 2203 471 2284 ipsa
499 2206 531 2265 et
567 2201 727 2265 cacumina
750 2202 859 2248 -'-
883 2200 994 2265 audaci
1026 2201 1147 2282 ingenio
1184 2201 1323 2266 arborem

280 2309 373 2374 aliam
396 2308 487 2392 longe
512 2327 530 2372 a
553 2307 664 2372 tellure
696 2307 827 2372 faciendi
856 2307 975 2384 ,eodem
1008 2326 1067 2388 quo
1092 2327 1184 2390 supra
1208 2309 1323 2372 biennii

280 2416 382 2499 spatio
408 2415 527 2478 abscisa
548 2413 714 2497 propagine
739 2415 862 2478 etcum
893 2414 1033 2496 quasillis
1055 2418 1143 2478 sata‘.
1192 2412 1322 2479 Scrobes

281 2523 427 2606 quattuor
460 2521 573 2602 pedum
607 2521 738 2585 fortasse
762 2521 882 2586 Plinius
920 2521 956 2585 de
993 2539 1047 2585 suo
1082 2519 1211 2598 addidit,
1253 2540 1323 2585 cum

281 2629 468 2694 enumeratio
508 2628 651 2692 arborum
698 2628 842 2692 ostendat
883 2628 1020 2692 Plinium
1059 2645 1148 2692 nsum
1185 2646 1253 2692 esse
1288 2647 1325 2692 11

279 2737 388 2814 forma,
415 2755 508 2818 quam
532 2736 628 2817 caput
652 2737 713 2800 133
737 2735 875 2817 praebet.
925 2735 1023 2816 Atqui
1058 2753 1109 2816 ap.
1143 2734 1224 2797 Plin.
1254 2734 1322 2811 XV,

280 2846 323 2908 44
346 2842 424 2907 haec
445 2843 610 2925 leguntur:
646 2842 680 2905 In
716 2842 819 2906 totum
851 2841 976 2922 quidem
1000 2841 1124 2905 Persica
1159 2841 1324 2924 peregrina

280 2949 375 3014 otiam
414 2948 507 3012 Asiae
530 2948 735 3028 Graeciaeque
767 2968 834 3013 esse
861 2968 896 3012 11
927 2949 1052 3012 nomine
1083 2947 1150 3029 ipso
1183 2950 1322 3028 apparet,

281 3057 375 3135 atque
401 3075 436 3120 11
460 3056 587 3120 Ρ111111
611 3055 748 3120 advecta.
786 3056 839 3120 sed
866 3074 992 3137 pruna
1020 3053 1230 3118 silvestria
1253 3053 1324 3116 ubi-

280 3181 339 3242 que
371 3163 454 3227 11111
488 3164 607 3227 certum
642 3166 698 3241 est,
738 3183 798 3246 quo
838 3165 937 3245 magis
971 3163 1074 3239 miror,
1113 3161 1204 3225 huius
1238 3161 1325 3242 pomi

279 3268 552 3356 men'tiosnema
576 3270 727 3335 Catone
744 3272 1027 3347 nonhabitam,
1049 3268 1230 3352 praesertim
1251 3286 1323 3331 cum

280 3376 437 3441 condenda
460 3378 683 3443 demonstraret
706 3379 856 3458 quaedam
879 3383 912 3443 et
933 3378 1095 3443 silvestria.

372 3484 508 3549 Plinium
524 3487 673 3551 memoria
688 3475 848 3569 tantopere
873 3486 1044 3552 deseruisse
1068 3503 1129 3551 non
1150 3484 1262 3566 potest,
1287 3489 1326 3548 nt

279 3592 336 3656 hoc
360 3592 510 3657 scriberet
535 3593 653 3674 sibique
689 3596 751 3676 ipsi
781 3595 1006 3675 obloqueretur,
1043 3594 1098 3658 sed
1128 3593 1192 3657 sine
1228 3591 1324 3656 dubio

281 3719 320 3764 ox
343 3701 406 3765 alio
431 3703 579 3784 scriptore
603 3701 784 3784 desumpsit,
811 3703 863 3785 qui
887 3703 990 3785 capita
1014 3704 1066 3779 51,
1084 3705 1127 3765 52
1152 3700 1218 3766 sola
1233 3699 1322 3783 legit,

186 3853 188 3858 .
281 3809 457 3890 suspicere
482 3808 589 3874 Celso:

370 3917 455 3980 inter
478 3935 648 3982 sermonem
684 3936 770 4001 capp.
797 3920 849 3983 51.
875 3921 916 3981 52
942 3919 973 3982 et
999 3920 1060 3983 133
1093 3933 1205 3999 magna
1228 3915 1323 3977 inter-

282 4022 364 4086 cedit
395 4022 614 4106 discrepantia:
654 4025 698 4090 ita
738 4025 872 4111 quidem,
914 4026 950 4090 ut
989 4023 1092 4106 capita
1125 4024 1165 4087 51
1209 4026 1242 4086 et
1280 4021 1323 4086 52
