3018 4716
694 393 994 490 *⁶‘.

265 581 378 646 statuit
398 581 512 644 librum
537 598 597 645 non
626 579 663 644 de
687 599 747 644 uno
771 579 905 661 quodum
925 580 1029 659 lbndo,
1055 581 1108 644 sed
1130 581 1166 644 ut
1187 580 1220 645 in
1242 581 1311 646 vul·

266 707 325 773 gns
371 687 522 764 ederetur,
568 688 716 770 scriptum
752 707 828 752 esse.
890 686 985 769 Spero
1027 707 1097 752 eum
1129 688 1311 752 seutentiam
1356 753 1358 758 ,

264 814 352 860 suam
387 795 577 879 argumentis
620 795 823 877 probaturum
863 813 939 873 esse,
975 795 1010 858 ut
1049 814 1155 859 verum
1196 813 1310 879 cogno·

265 903 377 967 scatur.
427 901 622 983 Quamquam
662 901 744 978 enim
783 901 863 965 liber
898 901 935 965 de
959 920 1019 966 uno
1051 901 1184 982 quodam
1218 900 1310 965 fundo

264 1009 397 1091 scriptus
421 1009 496 1086 erat,
527 1009 631 1073 tamen
654 1008 819 1090 tamquam
844 989 1009 1096 descriptio
1031 1008 1141 1090 optimi
1171 1007 1258 1072 fundi
1278 1007 1311 1072 in

175 1099 179 1106 ’
263 1117 376 1201 vulgus
401 1115 451 1180 edi
480 1116 610 1199 poterat.
659 1114 805 1180 Ceterum
843 1114 1102 1180 Reitzensteiuius
1141 1116 1207 1198 ipse
1235 1117 1310 1198 p.6

264 1243 348 1306 sequ.
364 1222 547 1287 seutentiam
572 1242 658 1288 suam
671 1223 825 1304 reprobat,
839 1242 910 1287 nam
933 1222 1014 1304 quod
1038 1221 1114 1287 Cato
1145 1222 1221 1286 duas
1249 1221 1310 1286 for-

263 1332 363 1396 mulas
399 1329 437 1394 de
474 1329 592 1394 familia
620 1329 725 1409 tradit,
766 1349 858 1394 uuam
892 1329 930 1394 de
957 1330 1080 1409 oliveto,
1120 1330 1249 1394 alteram
1274 1328 1311 1393 de

263 1439 352 1504 vinea
371 1437 564 1515 instruenda,
601 1436 801 1520 premendum
834 1438 973 1502 nonest.
1020 1438 1130 1519 Neque
1153 1437 1232 1502 enim
1263 1436 1311 1499 in·

263 1545 389 1630 tellego,
427 1563 481 1608 cur
504 1563 563 1608 non
586 1544 662 1610 haec
681 1547 846 1627 praecepta
880 1545 1029 1628 colligens
1064 1545 1101 1609 de
1132 1563 1191 1608 uno
1224 1544 1312 1608 Man-

265 1652 378 1716 liorum
401 1650 494 1715 fundo
532 1651 605 1716 data
637 1653 795 1717 occasione
816 1652 876 1716 alia
907 1651 1019 1716 addere
1053 1652 1198 1734 potuerit,
1234 1669 1311 1732 quae

265 1777 452 1841 quamquam
476 1757 515 1822 ad
538 1759 628 1822 illum
652 1759 782 1824 fundum
799 1778 856 1823 non
873 1759 1077 1841 pertinebant,
1101 1759 1215 1835 tamen,
1234 1777 1310 1839 quae

264 1866 585 1943 commemorarentur,
623 1864 718 1948 digna
757 1866 852 1931 erant.
899 1866 1008 1948 ltaque
1032 1866 1232 1930 verisimilius
1264 1866 1312 1930 est

266 1972 414 2061 Catonem
439 1974 522 2036 certo
555 1974 705 2055 temporis
728 1975 851 2054 puncto,
883 1971 1014 2038 fortasse
1038 1973 1073 2036 ut
1108 1973 1193 2036 fundi
1225 1972 1311 2036 illius

263 2099 472 2162 possessorem
512 2080 561 2144 vel
596 2080 722 2145 vilicum
755 2081 930 2158 instrueret,
966 2081 1047 2145 huuc
1085 2080 1200 2144 librum
1239 2098 1310 2144 con·

266 2187 426 2270 scripsisse
452 2206 543 2268 quam
567 2187 742 2270 paullatim.
779 2187 921 2269 Denique
943 2188 1092 2268 quantum
1106 2207 1141 2251 er
1154 2185 1310 2251 Ciceronis

267 2294 346 2358 libro
371 2293 407 2357 de
429 2294 586 2359 senectute
613 2294 720 2378 colligi
743 2294 856 2377 potest,
890 2294 943 2358 ille
969 2295 1085 2377 etipse
1109 2292 1257 2358 Catonem
1279 2292 1311 2357 in

266 2401 423 2466 senectute
447 2400 571 2465 demum
604 2401 642 2466 do
679 2401 868 2486 agricultura
904 2401 1087 2466 scribentem
1122 2401 1183 2465 sibi
1214 2400 1309 2477 finxit,

266 2506 343 2572 adde
367 2508 448 2590 quod
468 2508 732 2572 Reitzensteinius
756 2509 777 2572 l.
804 2528 828 2572 c.
854 2511 881 2585 1,
907 2508 969 2572 not.
998 2512 1013 2572 1
1039 2509 1120 2574 recto
1143 2508 1198 2571 not
1217 2508 1240 2572 t.

358 2615 458 2695 Quare
483 2615 509 2679 si
533 2634 588 2679 nos
618 2634 739 2698 quoque
776 2615 1014 2698 discrepantiam
1042 2615 1191 2680 sermonis
1222 2614 1309 2682 iuve-

270 2722 381 2800 nimus,
405 2722 483 2786 hanc
508 2722 569 2786 alio
597 2722 692 2786 modo
718 2723 868 2805 explicare
892 2723 994 2786 conari
1018 2722 1175 2787 debemus.

358 2829 404 2894 Ac
429 2829 562 2912 primum
578 2829 701 2911 quidem
722 2831 757 2894 ut
780 2829 905 2894 taudem
922 2830 1041 2894 adrem
1061 2831 1160 2912 ipsam
1176 2829 1311 2893 tractau-

269 2937 340 3000 dam
361 2939 565 3015 transeamus,
603 2956 670 3002 eam
703 2937 952 3021 orthographiam
978 2938 1009 3001 et
1033 2936 1185 3002 scribendi
1217 2936 1311 3000 ratio-

268 3063 348 3121 nem,
374 3063 452 3125 quae
476 3062 556 3108 nunc
583 3045 737 3108 iuvenitur
760 3046 791 3108 iu
814 3043 937 3109 Catonis
960 3045 1039 3109 libro
1065 3045 1101 3108 de
1126 3044 1314 3128 agricultura

268 3151 436 3233 eademque
460 3151 492 3214 in
529 3151 720 3235 fragmentis,
757 3153 980 3235 posterioribus
1011 3151 1202 3234 temporibus
1236 3151 1312 3216 irro-

267 3257 369 3340 psisse
405 3277 461 3322 neo
507 3257 669 3342 genuinam
714 3277 780 3323 esse
817 3260 878 3322 iam
915 3259 1019 3324 Julius
1055 3256 1229 3324 Pontedera
1263 3276 1314 3320 co·

270 3364 391 3448 grovit.
416 3363 591 3429 Videndum
609 3365 703 3448 igitur
727 3367 784 3442 est,
812 3367 998 3448 quantopere
1023 3366 1146 3430 vetusta
1163 3363 1314 3429 scribendi

269 3473 347 3536 ratio
372 3473 493 3538 mutata
513 3473 562 3552 sit,
589 3471 697 3536 deinde
719 3474 822 3536 utrum
852 3474 925 3538 illae
945 3473 1183 3537 innumerabiles
1215 3472 1315 3535 muta-

271 3578 370 3644 tiones
394 3580 529 3643 librariis
553 3580 753 3662 imputandae
792 3580 854 3644 sint
889 3600 925 3644 an
947 3583 977 3644 in
1003 3579 1127 3644 Catonis
1153 3580 1315 3644 verborum

271 3686 375 3750 ordine
415 3706 521 3751 omnes
564 3688 703 3752 vetustae
756 3688 871 3753 formae
910 3707 965 3770 per
1004 3687 1222 3771 grammaticos
1264 3706 1315 3750 er·

271 3793 379 3876 pulsae
404 3794 473 3858 sint.
