2972 4710
702 421 943 484 -1Ε>2--ὴ

299 607 417 675 eadem.
464 605 607 672 Klotzius
636 606 675 671 ad
708 605 789 671 hune
810 606 904 672 Plinii
936 606 1038 672 locum
1072 606 1150 672 citat
1181 625 1207 670 r.
1231 625 1256 671 r.
1279 609 1334 673 34.

303 718 376 792 151,
415 715 445 778 2.
472 715 570 792 3'l‚2
604 731 702 794 neque
736 712 806 779 inde
842 712 933 792 effici,
976 711 1123 778 Catonern
1165 713 1336 796 pleniorem

298 821 401 888 Plinio
425 820 457 884 in
480 820 621 884 manibus
652 819 748 885 fuisse
782 819 929 902 disputat,
961 820 1015 886 sed
1045 819 1110 884 illis
1144 821 1221 885 locis
1258 820 1337 885 nihil

197 1001 207 1028 ·
298 928 461 1006 invenitur,
488 926 569 1009 quod
593 945 664 992 cum
683 928 741 993 hoe
763 927 832 992 loco
856 926 987 992 conferri
1009 925 1117 1011 possit

391 1035 558 1100 Praeterea
576 1033 670 1098 Plinii
692 1035 786 1100 verba
819 1033 955 1113 ‚Catonis
981 1033 1114 1099 maxime
1145 1033 1257 1099 verbis‘
1286 1035 1335 1098 in-

302 1145 408 1210 dicent
425 1141 563 1238 Plinium
585 1141 755 1206 accuratius
777 1142 882 1219 citare,
913 1159 1099 1223 quamquam
1117 1140 1198 1206 hune
1231 1140 1335 1206 locum

299 1249 495 1332 desumptum
519 1267 586 1313 esse
608 1267 643 1313 ex
665 1249 832 1314 recentiore
855 1248 1043 1314 sermolibri
1073 1247 1110 1313 (le
1134 1268 1197 1332 agr.
1231 1247 1335 1314 osteu-

299 1359 346 1424 dit
365 1355 613 1423 commemoratio
627 1357 725 1439 pruni.
752 1355 893 1420 illicitur
909 1375 978 1420 eum
993 1355 1116 1434 librum,
1138 1374 1198 1437 quo
1214 1355 1335 1420 Plinius

298 1484 372 1531 usus
409 1464 465 1542 est,
507 1464 600 1528 etiam
634 1464 706 1546 post
739 1462 823 1528 illius
866 1463 1005 1546 tempora
1039 1462 1221 1528 mutilatum
1256 1482 1332 1528 esee.

299 1573 456 1653 Quantum
468 1589 538 1635 vero
555 1588 669 1648 eorum,
686 1588 764 1652 quae
778 1570 897 1636 Plinius
914 1570 998 1649 citat,
1015 1570 1047 1635 in
1063 1569 1195 1654 genuino
1209 1567 1334 1635 Catonis

296 1679 375 1744 libro
400 1677 547 1756 extiterit,
569 1676 629 1742 dici
651 1677 769 1759 nequit.

387 1784 579 1867 comparatis
598 1785 695 1868 igitur
720 1785 764 1850 eis
787 1785 876 1864 locis,
903 1803 980 1864 quos
995 1783 1115 1850 Plinius
1139 1784 1237 1862 affert
1262 1803 1333 1850 cum

297 1893 377 1959 libro
394 1893 431 1958 de
458 1912 532 1975 agr,
557 1910 648 1975 quem
670 1910 725 1957 nor
748 1893 907 1970 habemns,
930 1891 1063 1956 oiiioitur
1082 1890 1221 1957 extitisse
1256 1889 1333 1956 duas

297 2001 412 2066 formas
421 2001 494 2066 libri
502 2000 540 2064 de
552 1999 749 2084 agricultura,
761 2001 892 2066 alteram
904 1998 1122 2081 gonuinelibro
1132 1999 1331 2081 simillimam,

299 2109 428 2176 alteram
443 2108 663 2192 interpolatam
688 2107 719 2172 et
742 2108 873 2186 auctam,
897 2107 928 2190 in
952 2126 1012 2187 qua
1026 2125 1085 2172 non
1106 2106 1206 2171 solnm
1227 2109 1330 2174 ortho-

297 2217 426 2303 graphia·
441 2217 472 2281 et
494 2215 639 2280 flexiones
661 2214 800 2280 mutatae
817 2215 913 2292 erant,
939 2213 992 2278 sed
1016 2213 1108 2278 etiam
1132 2214 1240 2278 multis
1255 2215 1331 2280 loeis

298 2323 433 2410 syntaxis
453 2322 576 2401 novata,
600 2321 668 2387 aliis
692 2340 788 2387 novae
811 2340 860 2386 res
875 2321 1007 2386 insertae
1030 2325 1124 2384 orant.
1160 2321 1230 2386 Hae
1254 2322 1330 2390 duae

297 2431 413 2496 formae
436 2430 542 2512 paullo
576 2431 649 2494 ante
682 2429 777 2493 Plinii
810 2430 949 2512 tempora
982 2429 1021 2493 ab
1052 2429 1253 2512 grammatico
1286 2431 1331 2496 ita

297 2537 520 2604 contaminatae
552 2537 632 2615 sunt,
664 2536 700 2600 ut
730 2535 820 2601 modo
840 2536 872 2600 in
904 2535 1034 2617 genuina
1070 2532 1196 2601 Catonis
1229 2537 1331 2620 capita

297 2644 439 2709 breviora
464 2663 503 2708 ex
527 2643 624 2708 altero
645 2642 744 2708 forma
763 2643 920 2708 enuntiata
941 2642 1148 2707 insererentur
1177 2642 1229 2727 (ei.
1253 2662 1329 2726 quaa
1434 2659 1436 2664 ·

297 2750 429 2816 diximus
454 2750 491 2815 de
515 2769 580 2833 cap.
607 2753 636 2815 6.
664 2754 694 2816 7.
722 2749 786 2835 11),
811 2749 902 2815 modo
923 2748 1063 2834 longiora
1086 2749 1139 2833 (ei.
1157 2750 1329 2831 quaedixi·

296 2877 365 2923 mus
389 2857 430 2923 de·
450 2876 516 2940 cap.
534 2860 575 2922 45
601 2859 632 2922 et
645 2858 710 2941 46),
738 2857 838 2936 modo,
864 2856 916 2921 ubi
937 2856 1092 2941 graviores
1109 2855 1330 2941 discrepantiae

297 2964 448 3044 extabant,
474 2965 506 3028 et
527 2965 620 3048 caput
632 2983 668 3029 ex
689 2965 813 3030 vetusta
836 2965 867 3029 et
883 2965 975 3046 caput
993 2983 1028 3029 ex
1048 2964 1215 3030 recentiore
1231 2965 1329 3032 forma

297 3071 493 3155 desumptum
518 3071 714 3153 reciperetur.
760 3071 908 3137 Nonnulli
930 3071 1024 3135 Plinii
1043 3070 1104 3135 loci
1124 3067 1329 3154 suspicionem

298 3169 671 3256 nocentissimum
693 3179 797 3259 paullo
821 3177 988 3261 pleniorem
1013 3176 1107 3243 fuisse
1133 3197 1223 3261 quam
1248 3199 1328 3261 eum,

296 3305 387 3368 quem
413 3305 472 3376 nos⁴
490 3286 648 3365 habemus,
685 3285 739 3351 sed
772 3286 952 3368 plerumque
981 3304 1059 3372 cum
1078 3286 1136 3350 hoc
1166 3289 1328 3356 consentit

386 3393 469 3472 Quae
492 3393 643 3458 sententia
665 3392 854 3475 reliquorum
880 3393 1063 3476 scriptorum
1093 3393 1179 3473 locis,
1217 3395 1330 3478 quibus

298 3498 374 3566 Cato
399 3501 520 3579 citatur,
542 3520 601 3566 non
621 3500 781 3578 refellitur,
807 3501 861 3567 sed
885 3500 1093 3567 confirmatur.

383 3607 475 3691 Apud
499 3607 633 3674 Gellium
657 3606 781 3674 Catonis
816 3609 853 3674 dc
882 3609 1071 3693 agricultura
1103 3609 1182 3675 liber
1210 3609 1330 3675 duobus

293 3715 413 3780 tantum
435 3716 511 3780 locis
535 3715 657 3782 citatur.
705 3715 949 3795 Gell.lll,14:
995 3717 1037 3781 M.
1063 3717 1156 3782 etiam
1192 3715 1267 3782 Cato
1295 3717 1337 3782 in.

298 3822 387 3901 libro,
424 3823 573 3904 quamde
603 3825 793 3909 agricultura
816 3824 1012 3908 conseripsit:
1059 3823 1169 3890 Samon
1193 3826 1331 3909 cupressi

294 3930 387 3996 serito
435 3931 575 3996 crebrum
606 3933 652 3997 ita
686 3933 732 3997 uti
765 3933 862 3997 linum
898 3933 958 3998 seri
1000 3933 1087 3998 solet.
1145 3935 1190 4000 uo
1228 3935 1327 3999 cribro

296 4038 410 4106 terram
429 4038 577 4106 inoemito
595 4039 789 4105 dimidiatum
806 4040 947 4126 digitum.
988 4041 1054 4106 Iam
1074 4041 1107 4105 id
1128 4041 1204 4106 bone
1219 4041 1328 4107 tabula
