<?xml version="1.0" encoding="UTF-8"?>
<!DOCTYPE html PUBLIC "-//W3C//DTD XHTML 1.0 Transitional//EN"
    "http://www.w3.org/TR/xhtml1/DTD/xhtml1-transitional.dtd">
<html xmlns="http://www.w3.org/1999/xhtml" xml:lang="en" lang="en">
 <head>
  <title>
</title>
<meta http-equiv="Content-Type" content="text/html;charset=utf-8" />
  <meta name='ocr-system' content='tesseract 3.04.00' />
  <meta name='ocr-capabilities' content='ocr_page ocr_carea ocr_par ocr_line ocrx_word'/>
</head>
<body>
  <div class='ocr_page' id='page_1' title='image "./quaestionumcato00weisgoog_0062.png"; bbox 0 0 3018 4716; ppageno 0'>
   <div class='ocr_carea' id='block_1_1' title="bbox 558 421 778 483">
    <p class='ocr_par' dir='ltr' id='par_1_1' title="bbox 558 421 778 483">
     <span class='ocr_line' id='line_1_1' title="bbox 558 421 778 483; baseline 0 -17"><span class='ocrx_word' id='word_1_1' title='bbox 558 421 778 483; x_wconf 77' lang='grc'><strong>-51-</strong></span> 
     </span>
    </p>
   </div>
   <div class='ocr_carea' id='block_1_2' title="bbox 146 606 1240 2291">
    <p class='ocr_par' dir='ltr' id='par_1_2' title="bbox 146 606 1240 1866">
     <span class='ocr_line' id='line_1_2' title="bbox 146 606 1189 692; baseline 0.003 -21"><span class='ocrx_word' id='word_1_2' title='bbox 146 627 218 672; x_wconf 92' lang='lat' dir='ltr'>cum</span> <span class='ocrx_word' id='word_1_3' title='bbox 243 606 377 672; x_wconf 76' lang='lat' dir='ltr'><strong>Cimbris</strong></span> <span class='ocrx_word' id='word_1_4' title='bbox 401 609 482 692; x_wconf 87' lang='lat' dir='ltr'>gesti</span> <span class='ocrx_word' id='word_1_5' title='bbox 507 609 607 673; x_wconf 86' lang='lat' dir='ltr'>aetate</span> <span class='ocrx_word' id='word_1_6' title='bbox 630 609 752 690; x_wconf 89' lang='lat' dir='ltr'>praeter</span> <span class='ocrx_word' id='word_1_7' title='bbox 775 627 809 673; x_wconf 93' lang='lat' dir='ltr'>oe</span> <span class='ocrx_word' id='word_1_8' title='bbox 834 628 853 672; x_wconf 90' lang='lat' dir='ltr'>u</span> <span class='ocrx_word' id='word_1_9' title='bbox 879 627 999 690; x_wconf 89' lang='lat' dir='ltr'>quoque</span> <span class='ocrx_word' id='word_1_10' title='bbox 1016 609 1189 674; x_wconf 86' lang='lat' dir='ltr'>inveniatur</span> 
     </span>
     <span class='ocr_line' id='line_1_3' title="bbox 146 715 1186 798; baseline 0.002 -20"><span class='ocrx_word' id='word_1_11' title='bbox 146 715 178 778; x_wconf 91' lang='lat' dir='ltr'>in</span> <span class='ocrx_word' id='word_1_12' title='bbox 212 715 364 792; x_wconf 90' lang='lat' dir='ltr'>ludere,</span> <span class='ocrx_word' id='word_1_13' title='bbox 399 733 511 792; x_wconf 88' lang='lat' dir='ltr'>unus,</span> <span class='ocrx_word' id='word_1_14' title='bbox 542 715 824 798; x_wconf 92' lang='lat' dir='ltr'>municipium,</span> <span class='ocrx_word' id='word_1_15' title='bbox 856 735 1004 794; x_wconf 90' lang='lat' dir='ltr'>murus,</span> <span class='ocrx_word' id='word_1_16' title='bbox 1033 736 1186 793; x_wconf 93' lang='lat' dir='ltr'>munus,</span> 
     </span>
     <span class='ocr_line' id='line_1_4' title="bbox 146 821 1188 904; baseline 0.001 -20"><span class='ocrx_word' id='word_1_17' title='bbox 146 822 224 885; x_wconf 87' lang='lat' dir='ltr'>uti.</span> <span class='ocrx_word' id='word_1_18' title='bbox 281 821 380 901; x_wconf 78' lang='lat' dir='ltr'>Quare</span> <span class='ocrx_word' id='word_1_19' title='bbox 417 823 453 886; x_wconf 92' lang='lat' dir='ltr'>ut</span> <span class='ocrx_word' id='word_1_20' title='bbox 490 823 521 886; x_wconf 94' lang='lat' dir='ltr'>in</span> <span class='ocrx_word' id='word_1_21' title='bbox 544 822 648 886; x_wconf 89' lang='lat' dir='ltr'>Plauti</span> <span class='ocrx_word' id='word_1_22' title='bbox 672 822 760 887; x_wconf 92' lang='lat' dir='ltr'>libris</span> <span class='ocrx_word' id='word_1_23' title='bbox 784 841 858 887; x_wconf 90' lang='lat' dir='ltr'>mss.</span> <span class='ocrx_word' id='word_1_24' title='bbox 890 841 967 904; x_wconf 90' lang='lat' dir='ltr'>quae</span> <span class='ocrx_word' id='word_1_25' title='bbox 995 823 1188 888; x_wconf 87' lang='lat' dir='ltr'>inveniuntur</span> 
     </span>
     <span class='ocr_line' id='line_1_5' title="bbox 146 927 1189 1012; baseline 0.002 -21"><span class='ocrx_word' id='word_1_26' title='bbox 146 927 266 992; x_wconf 85' lang='lat' dir='ltr'>formae</span> <span class='ocrx_word' id='word_1_27' title='bbox 291 929 429 1005; x_wconf 84' lang='lat' dir='ltr'>munis,</span> <span class='ocrx_word' id='word_1_28' title='bbox 452 928 655 1005; x_wconf 90' lang='lat' dir='ltr'>immunis,</span> <span class='ocrx_word' id='word_1_29' title='bbox 690 948 851 994; x_wconf 90' lang='lat' dir='ltr'>munera</span> <span class='ocrx_word' id='word_1_30' title='bbox 878 929 935 994; x_wconf 90' lang='lat' dir='ltr'>oet.</span> <span class='ocrx_word' id='word_1_31' title='bbox 968 930 1189 1012; x_wconf 74' lang='lat' dir='ltr'>posterioribus</span> 
     </span>
     <span class='ocr_line' id='line_1_6' title="bbox 148 1034 1240 1119; baseline 0.001 -21"><span class='ocrx_word' id='word_1_32' title='bbox 148 1034 275 1098; x_wconf 90' lang='lat' dir='ltr'>demum</span> <span class='ocrx_word' id='word_1_33' title='bbox 314 1035 525 1119; x_wconf 69' lang='lat' dir='ltr'><strong>grammaticis</strong></span> <span class='ocrx_word' id='word_1_34' title='bbox 563 1035 722 1113; x_wconf 75' lang='lat' dir='ltr'>debentur,</span> <span class='ocrx_word' id='word_1_35' title='bbox 756 1037 801 1100; x_wconf 91' lang='lat' dir='ltr'>ita</span> <span class='ocrx_word' id='word_1_36' title='bbox 835 1055 870 1100; x_wconf 84' lang='lat' dir='ltr'>ex</span> <span class='ocrx_word' id='word_1_37' title='bbox 907 1035 1032 1101; x_wconf 84' lang='lat' dir='ltr'>Catonis</span> <span class='ocrx_word' id='word_1_38' title='bbox 1068 1054 1188 1118; x_wconf 88' lang='lat' dir='ltr'>quoque</span> <span class='ocrx_word' id='word_1_39' title='bbox 1237 1054 1240 1065; x_wconf 57' lang='lat'><strong><em>¹</em></strong></span> 
     </span>
     <span class='ocr_line' id='line_1_7' title="bbox 146 1141 1187 1225; baseline 0.003 -21"><span class='ocrx_word' id='word_1_40' title='bbox 146 1141 238 1206; x_wconf 91' lang='lat' dir='ltr'>libris</span> <span class='ocrx_word' id='word_1_41' title='bbox 267 1141 399 1222; x_wconf 88' lang='lat' dir='ltr'>quodam</span> <span class='ocrx_word' id='word_1_42' title='bbox 419 1142 557 1225; x_wconf 92' lang='lat' dir='ltr'>tempore</span> <span class='ocrx_word' id='word_1_43' title='bbox 581 1143 766 1207; x_wconf 88' lang='lat' dir='ltr'>vetustiores</span> <span class='ocrx_word' id='word_1_44' title='bbox 799 1142 914 1207; x_wconf 85' lang='lat' dir='ltr'>formae</span> <span class='ocrx_word' id='word_1_45' title='bbox 937 1143 1082 1225; x_wconf 80' lang='lat' dir='ltr'>expulsae</span> <span class='ocrx_word' id='word_1_46' title='bbox 1107 1145 1187 1222; x_wconf 88' lang='lat' dir='ltr'>sunt,</span> 
     </span>
     <span class='ocr_line' id='line_1_8' title="bbox 147 1248 1188 1334; baseline 0.002 -22"><span class='ocrx_word' id='word_1_47' title='bbox 147 1267 220 1312; x_wconf 90' lang='lat' dir='ltr'>cum</span> <span class='ocrx_word' id='word_1_48' title='bbox 255 1248 345 1312; x_wconf 91' lang='lat' dir='ltr'>hodie</span> <span class='ocrx_word' id='word_1_49' title='bbox 380 1250 501 1313; x_wconf 89' lang='lat' dir='ltr'>tantum</span> <span class='ocrx_word' id='word_1_50' title='bbox 536 1250 677 1334; x_wconf 86' lang='lat' dir='ltr'>legamus</span> <span class='ocrx_word' id='word_1_51' title='bbox 708 1250 820 1314; x_wconf 89' lang='lat' dir='ltr'>muniri</span> <span class='ocrx_word' id='word_1_52' title='bbox 855 1270 880 1313; x_wconf 92' lang='lat' dir='ltr'>r.</span> <span class='ocrx_word' id='word_1_53' title='bbox 904 1271 929 1313; x_wconf 86' lang='lat' dir='ltr'>u.</span> <span class='ocrx_word' id='word_1_54' title='bbox 966 1251 995 1326; x_wconf 92' lang='grc'>2,</span> <span class='ocrx_word' id='word_1_55' title='bbox 1010 1253 1040 1314; x_wconf 90' lang='grc'>4.</span> <span class='ocrx_word' id='word_1_56' title='bbox 1084 1269 1188 1315; x_wconf 90' lang='lat' dir='ltr'>curare</span> 
     </span>
     <span class='ocr_line' id='line_1_9' title="bbox 148 1356 1187 1434; baseline 0.001 -14"><span class='ocrx_word' id='word_1_57' title='bbox 148 1359 179 1434; x_wconf 84' lang='lat'>2,</span> <span class='ocrx_word' id='word_1_58' title='bbox 196 1358 225 1420; x_wconf 85' lang='lat'>5.</span> <span class='ocrx_word' id='word_1_59' title='bbox 262 1356 367 1420; x_wconf 87' lang='lat' dir='ltr'>utatur</span> <span class='ocrx_word' id='word_1_60' title='bbox 391 1356 454 1432; x_wconf 83' lang='lat' dir='ltr'>b,l</span> <span class='ocrx_word' id='word_1_61' title='bbox 480 1357 536 1420; x_wconf 87' lang='lat' dir='ltr'>oet.</span> <span class='ocrx_word' id='word_1_62' title='bbox 583 1356 738 1421; x_wconf 83' lang='lat' dir='ltr'>Nonnulla</span> <span class='ocrx_word' id='word_1_63' title='bbox 763 1358 883 1422; x_wconf 82' lang='lat' dir='ltr'>tantum</span> <span class='ocrx_word' id='word_1_64' title='bbox 907 1357 1085 1422; x_wconf 78' lang='lat' dir='ltr'>vetustioris</span> <span class='ocrx_word' id='word_1_65' title='bbox 1113 1377 1187 1421; x_wconf 92' lang='lat' dir='ltr'>usus</span> 
     </span>
     <span class='ocr_line' id='line_1_10' title="bbox 146 1463 1186 1548; baseline 0.002 -21"><span class='ocrx_word' id='word_1_66' title='bbox 146 1463 283 1546; x_wconf 87' lang='lat' dir='ltr'>vestigia</span> <span class='ocrx_word' id='word_1_67' title='bbox 312 1465 484 1545; x_wconf 84' lang='lat' dir='ltr'>supersunt,</span> <span class='ocrx_word' id='word_1_68' title='bbox 516 1464 562 1527; x_wconf 91' lang='lat' dir='ltr'>ita</span> <span class='ocrx_word' id='word_1_69' title='bbox 592 1463 650 1548; x_wconf 83' lang='lat' dir='ltr'>frg.</span> <span class='ocrx_word' id='word_1_70' title='bbox 677 1467 729 1541; x_wconf 83' lang='lat'>37,</span> <span class='ocrx_word' id='word_1_71' title='bbox 745 1467 784 1528; x_wconf 91' lang='grc'>21</span> <span class='ocrx_word' id='word_1_72' title='bbox 820 1484 868 1546; x_wconf 90' lang='lat' dir='ltr'>ap.</span> <span class='ocrx_word' id='word_1_73' title='bbox 894 1466 1036 1529; x_wconf 85' lang='lat' dir='ltr'>Fronton.</span> <span class='ocrx_word' id='word_1_74' title='bbox 1064 1484 1110 1548; x_wconf 48' lang='lat' dir='ltr'>ep,</span> <span class='ocrx_word' id='word_1_75' title='bbox 1137 1465 1186 1530; x_wconf 82' lang='lat' dir='ltr'>ad.</span> 
     </span>
     <span class='ocr_line' id='line_1_11' title="bbox 148 1570 1190 1655; baseline 0.002 -21"><span class='ocrx_word' id='word_1_76' title='bbox 148 1570 299 1635; x_wconf 86' lang='lat' dir='ltr'>Antonin.</span> <span class='ocrx_word' id='word_1_77' title='bbox 325 1571 349 1649; x_wconf 89' lang='lat' dir='ltr'>l,</span> <span class='ocrx_word' id='word_1_78' title='bbox 368 1571 395 1648; x_wconf 87' lang='lat'>1,</span> <span class='ocrx_word' id='word_1_79' title='bbox 420 1590 450 1652; x_wconf 90' lang='lat' dir='ltr'>p.</span> <span class='ocrx_word' id='word_1_80' title='bbox 474 1571 547 1636; x_wconf 89' lang='lat'><strong>109.</strong></span> <span class='ocrx_word' id='word_1_81' title='bbox 583 1572 656 1636; x_wconf 89' lang='lat' dir='ltr'>Mai.</span> <span class='ocrx_word' id='word_1_82' title='bbox 680 1572 726 1635; x_wconf 91' lang='lat' dir='ltr'>bis</span> <span class='ocrx_word' id='word_1_83' title='bbox 753 1571 869 1655; x_wconf 90' lang='lat' dir='ltr'>legitur</span> <span class='ocrx_word' id='word_1_84' title='bbox 888 1572 1037 1655; x_wconf 80' lang='lat' dir='ltr'>imposne,</span> <span class='ocrx_word' id='word_1_85' title='bbox 1061 1572 1190 1653; x_wconf 89' lang='lat' dir='ltr'>reliquis</span> 
     </span>
     <span class='ocr_line' id='line_1_12' title="bbox 146 1678 1189 1765; baseline 0.001 -23"><span class='ocrx_word' id='word_1_86' title='bbox 146 1678 391 1762; x_wconf 83' lang='lat' dir='ltr'>fragmentorum</span> <span class='ocrx_word' id='word_1_87' title='bbox 428 1678 506 1742; x_wconf 91' lang='lat' dir='ltr'>locis</span> <span class='ocrx_word' id='word_1_88' title='bbox 543 1679 594 1755; x_wconf 89' lang='lat'>68,</span> <span class='ocrx_word' id='word_1_89' title='bbox 620 1680 654 1765; x_wconf 73' lang='grc'>6.</span> <span class='ocrx_word' id='word_1_90' title='bbox 691 1680 744 1755; x_wconf 83' lang='grc'>24,</span> <span class='ocrx_word' id='word_1_91' title='bbox 761 1679 802 1743; x_wconf 86' lang='grc'>13</span> <span class='ocrx_word' id='word_1_92' title='bbox 831 1679 862 1743; x_wconf 93' lang='lat' dir='ltr'>et</span> <span class='ocrx_word' id='word_1_93' title='bbox 891 1679 924 1742; x_wconf 93' lang='lat' dir='ltr'>in</span> <span class='ocrx_word' id='word_1_94' title='bbox 947 1679 1026 1743; x_wconf 93' lang='lat' dir='ltr'>libro</span> <span class='ocrx_word' id='word_1_95' title='bbox 1062 1679 1099 1743; x_wconf 92' lang='lat' dir='ltr'>de</span> <span class='ocrx_word' id='word_1_96' title='bbox 1124 1699 1189 1763; x_wconf 86' lang='lat' dir='ltr'>agr.</span> 
     </span>
     <span class='ocr_line' id='line_1_13' title="bbox 147 1785 425 1866; baseline -0.007 -16"><span class='ocrx_word' id='word_1_97' title='bbox 147 1803 271 1866; x_wconf 84' lang='lat' dir='ltr'>semper</span> <span class='ocrx_word' id='word_1_98' title='bbox 291 1785 425 1866; x_wconf 88' lang='lat' dir='ltr'>impune.</span> 
     </span>
    </p>

    <p class='ocr_par' dir='ltr' id='par_1_3' title="bbox 147 1891 1197 2291">
     <span class='ocr_line' id='line_1_14' title="bbox 240 1891 1188 1976; baseline 0 -20"><span class='ocrx_word' id='word_1_99' title='bbox 240 1891 361 1957; x_wconf 89' lang='lat' dir='ltr'>Pariter</span> <span class='ocrx_word' id='word_1_100' title='bbox 384 1891 567 1976; x_wconf 85' lang='lat' dir='ltr'>diphthongi</span> <span class='ocrx_word' id='word_1_101' title='bbox 582 1911 629 1969; x_wconf 92' lang='lat' dir='ltr'>on,</span> <span class='ocrx_word' id='word_1_102' title='bbox 656 1911 841 1974; x_wconf 89' lang='lat' dir='ltr'>quamquam</span> <span class='ocrx_word' id='word_1_103' title='bbox 858 1893 1015 1976; x_wconf 88' lang='lat' dir='ltr'>complura</span> <span class='ocrx_word' id='word_1_104' title='bbox 1030 1893 1188 1970; x_wconf 87' lang='lat' dir='ltr'>vocabula,</span> 
     </span>
     <span class='ocr_line' id='line_1_15' title="bbox 148 1998 1197 2082; baseline -0.001 -18"><span class='ocrx_word' id='word_1_105' title='bbox 148 2002 182 2064; x_wconf 91' lang='lat' dir='ltr'>in</span> <span class='ocrx_word' id='word_1_106' title='bbox 228 1999 339 2080; x_wconf 88' lang='lat' dir='ltr'>quibus</span> <span class='ocrx_word' id='word_1_107' title='bbox 391 1999 466 2062; x_wconf 94' lang='lat' dir='ltr'>olim</span> <span class='ocrx_word' id='word_1_108' title='bbox 508 1999 620 2076; x_wconf 83' lang='lat' dir='ltr'>extit&#39;t,</span> <span class='ocrx_word' id='word_1_109' title='bbox 664 2018 681 2062; x_wconf 94' lang='lat' dir='ltr'>a</span> <span class='ocrx_word' id='word_1_110' title='bbox 718 1998 831 2064; x_wconf 83' lang='lat' dir='ltr'>Catone</span> <span class='ocrx_word' id='word_1_111' title='bbox 882 2001 1067 2082; x_wconf 89' lang='lat' dir='ltr'>usurpantur</span> <span class='ocrx_word' id='word_1_112' title='bbox 1105 1999 1197 2064; x_wconf 88' lang='lat' dir='ltr'>velut-</span> 
     </span>
     <span class='ocr_line' id='line_1_16' title="bbox 148 2089 1187 2188; baseline 0 -18"><span class='ocrx_word' id='word_1_113' title='bbox 148 2108 312 2184; x_wconf 89' lang='lat' dir='ltr'>ducere,</span> <span class='ocrx_word' id='word_1_114' title='bbox 336 2090 760 2188; x_wconf 89' lang='lat' dir='ltr'>publicus,plurima,</span> <span class='ocrx_word' id='word_1_115' title='bbox 782 2089 1037 2184; x_wconf 36' lang='lat' dir='ltr'>iubere,⁴ius,</span> <span class='ocrx_word' id='word_1_116' title='bbox 1062 2106 1187 2183; x_wconf 83' lang='lat' dir='ltr'>index,</span> 
     </span>
     <span class='ocr_line' id='line_1_17' title="bbox 147 2213 1190 2291; baseline -0.001 -13"><span class='ocrx_word' id='word_1_117' title='bbox 147 2214 359 2290; x_wconf 88' lang='lat' dir='ltr'>iudicium,</span> <span class='ocrx_word' id='word_1_118' title='bbox 413 2231 572 2289; x_wconf 89' lang='lat' dir='ltr'>curare,</span> <span class='ocrx_word' id='word_1_119' title='bbox 620 2213 760 2277; x_wconf 90' lang='lat' dir='ltr'>omnibus</span> <span class='ocrx_word' id='word_1_120' title='bbox 798 2213 874 2278; x_wconf 93' lang='lat' dir='ltr'>locis</span> <span class='ocrx_word' id='word_1_121' title='bbox 915 2214 1046 2291; x_wconf 87' lang='lat' dir='ltr'>evanuit,</span> <span class='ocrx_word' id='word_1_122' title='bbox 1091 2215 1126 2277; x_wconf 83' lang='lat' dir='ltr'>ut</span> <span class='ocrx_word' id='word_1_123' title='bbox 1158 2215 1190 2278; x_wconf 93' lang='lat' dir='ltr'>in</span> 
     </span>
    </p>
   </div>
   <div class='ocr_carea' id='block_1_3' title="bbox 147 2319 1290 2402">
    <p class='ocr_par' dir='ltr' id='par_1_4' title="bbox 147 2319 1290 2402">
     <span class='ocr_line' id='line_1_18' title="bbox 147 2319 1290 2402; baseline -0.003 -16"><span class='ocrx_word' id='word_1_124' title='bbox 147 2321 255 2386; x_wconf 88' lang='lat' dir='ltr'>Plauti</span> <span class='ocrx_word' id='word_1_125' title='bbox 284 2338 404 2402; x_wconf 90' lang='lat' dir='ltr'>quoqne</span> <span class='ocrx_word' id='word_1_126' title='bbox 427 2321 588 2384; x_wconf 87' lang='lat' dir='ltr'>verborum</span> <span class='ocrx_word' id='word_1_127' title='bbox 614 2319 718 2384; x_wconf 90' lang='lat' dir='ltr'>ordine</span> <span class='ocrx_word' id='word_1_128' title='bbox 740 2320 860 2386; x_wconf 89' lang='lat' dir='ltr'>nullum</span> <span class='ocrx_word' id='word_1_129' title='bbox 883 2322 947 2384; x_wconf 89' lang='lat' dir='ltr'>eius</span> <span class='ocrx_word' id='word_1_130' title='bbox 975 2321 1072 2386; x_wconf 85' lang='lat' dir='ltr'>restat</span> <span class='ocrx_word' id='word_1_131' title='bbox 1093 2321 1189 2386; x_wconf 86' lang='lat' dir='ltr'>vest-i-</span> <span class='ocrx_word' id='word_1_132' title='bbox 1284 2385 1290 2399; x_wconf 67' lang='grc'>,</span> 
     </span>
    </p>
   </div>
   <div class='ocr_carea' id='block_1_4' title="bbox 147 2425 1192 4010">
    <p class='ocr_par' dir='ltr' id='par_1_5' title="bbox 147 2425 1192 4010">
     <span class='ocr_line' id='line_1_19' title="bbox 147 2425 1185 2512; baseline 0.001 -21"><span class='ocrx_word' id='word_1_133' title='bbox 147 2429 246 2512; x_wconf 89' lang='lat' dir='ltr'>gium.</span> <span class='ocrx_word' id='word_1_134' title='bbox 293 2429 338 2491; x_wconf 83' lang='lat' dir='ltr'>llx</span> <span class='ocrx_word' id='word_1_135' title='bbox 362 2428 405 2492; x_wconf 90' lang='lat' dir='ltr'>eis</span> <span class='ocrx_word' id='word_1_136' title='bbox 436 2446 517 2503; x_wconf 89' lang='lat' dir='ltr'>vero,</span> <span class='ocrx_word' id='word_1_137' title='bbox 548 2444 626 2507; x_wconf 83' lang='lat' dir='ltr'>quas</span> <span class='ocrx_word' id='word_1_138' title='bbox 651 2425 780 2491; x_wconf 84' lang='lat' dir='ltr'>Corssen</span> <span class='ocrx_word' id='word_1_139' title='bbox 800 2449 831 2510; x_wconf 90' lang='lat' dir='ltr'>p.</span> <span class='ocrx_word' id='word_1_140' title='bbox 849 2430 911 2492; x_wconf 93' lang='grc'>667</span> <span class='ocrx_word' id='word_1_141' title='bbox 939 2429 1088 2511; x_wconf 84' lang='lat' dir='ltr'>exposuit,</span> <span class='ocrx_word' id='word_1_142' title='bbox 1115 2447 1185 2493; x_wconf 90' lang='lat' dir='ltr'>cnm</span> 
     </span>
     <span class='ocr_line' id='line_1_20' title="bbox 147 2533 1188 2617; baseline -0.003 -16"><span class='ocrx_word' id='word_1_143' title='bbox 147 2535 302 2601; x_wconf 82' lang='lat' dir='ltr'>efficiatur</span> <span class='ocrx_word' id='word_1_144' title='bbox 323 2535 505 2617; x_wconf 85' lang='lat' dir='ltr'>scripturam</span> <span class='ocrx_word' id='word_1_145' title='bbox 528 2553 566 2598; x_wconf 91' lang='lat' dir='ltr'>ou</span> <span class='ocrx_word' id='word_1_146' title='bbox 588 2533 618 2596; x_wconf 93' lang='lat' dir='ltr'>in</span> <span class='ocrx_word' id='word_1_147' title='bbox 643 2533 696 2612; x_wconf 89' lang='lat' dir='ltr'>cis,</span> <span class='ocrx_word' id='word_1_148' title='bbox 724 2553 800 2616; x_wconf 91' lang='lat' dir='ltr'>quae</span> <span class='ocrx_word' id='word_1_149' title='bbox 824 2554 917 2617; x_wconf 88' lang='lat' dir='ltr'>supra</span> <span class='ocrx_word' id='word_1_150' title='bbox 936 2536 1188 2600; x_wconf 84' lang='lat' dir='ltr'>commemoravi·</span> 
     </span>
     <span class='ocr_line' id='line_1_21' title="bbox 147 2640 1189 2727; baseline 0 -21"><span class='ocrx_word' id='word_1_151' title='bbox 147 2661 237 2727; x_wconf 87' lang='lat' dir='ltr'>mus,</span> <span class='ocrx_word' id='word_1_152' title='bbox 255 2641 413 2706; x_wconf 84' lang='lat' dir='ltr'>vocabulis</span> <span class='ocrx_word' id='word_1_153' title='bbox 437 2640 588 2722; x_wconf 89' lang='lat' dir='ltr'>usquead</span> <span class='ocrx_word' id='word_1_154' title='bbox 606 2640 679 2705; x_wconf 93' lang='lat' dir='ltr'>belli</span> <span class='ocrx_word' id='word_1_155' title='bbox 703 2642 825 2706; x_wconf 87' lang='lat' dir='ltr'>socialis</span> <span class='ocrx_word' id='word_1_156' title='bbox 838 2644 960 2724; x_wconf 90' lang='lat' dir='ltr'>tempus</span> <span class='ocrx_word' id='word_1_157' title='bbox 985 2661 1105 2724; x_wconf 89' lang='lat' dir='ltr'>semper·</span> <span class='ocrx_word' id='word_1_158' title='bbox 1127 2641 1189 2706; x_wconf 87' lang='lat' dir='ltr'>fere</span> 
     </span>
     <span class='ocr_line' id='line_1_22' title="bbox 148 2746 1191 2839; baseline -0.001 -25"><span class='ocrx_word' id='word_1_159' title='bbox 148 2749 289 2824; x_wconf 83' lang='lat' dir='ltr'>inveniri,</span> <span class='ocrx_word' id='word_1_160' title='bbox 328 2768 365 2814; x_wconf 90' lang='lat' dir='ltr'>ne</span> <span class='ocrx_word' id='word_1_161' title='bbox 390 2746 498 2812; x_wconf 84' lang='lat' dir='ltr'>Catoni</span> <span class='ocrx_word' id='word_1_162' title='bbox 535 2747 659 2828; x_wconf 88' lang='lat' dir='ltr'>quidem</span> <span class='ocrx_word' id='word_1_163' title='bbox 691 2748 766 2812; x_wconf 87' lang='lat' dir='ltr'>haec</span> <span class='ocrx_word' id='word_1_164' title='bbox 803 2750 953 2839; x_wconf 87' lang='lat' dir='ltr'>scriptura</span> <span class='ocrx_word' id='word_1_165' title='bbox 990 2749 1191 2814; x_wconf 86' lang='lat' dir='ltr'>abiudicanda</span> 
     </span>
     <span class='ocr_line' id='line_1_23' title="bbox 150 2854 1189 2940; baseline -0.001 -19"><span class='ocrx_word' id='word_1_166' title='bbox 150 2875 220 2921; x_wconf 88' lang='lat' dir='ltr'>esse</span> <span class='ocrx_word' id='word_1_167' title='bbox 254 2855 386 2922; x_wconf 86' lang='lat' dir='ltr'>videtur.</span> <span class='ocrx_word' id='word_1_168' title='bbox 444 2855 575 2918; x_wconf 89' lang='lat' dir='ltr'>Restant</span> <span class='ocrx_word' id='word_1_169' title='bbox 606 2854 788 2940; x_wconf 85' lang='lat' dir='ltr'>diphthongi</span> <span class='ocrx_word' id='word_1_170' title='bbox 820 2876 866 2934; x_wconf 92' lang='lat' dir='ltr'>en,</span> <span class='ocrx_word' id='word_1_171' title='bbox 904 2857 942 2933; x_wconf 93' lang='lat' dir='ltr'>ai,</span> <span class='ocrx_word' id='word_1_172' title='bbox 976 2876 1025 2934; x_wconf 88' lang='lat' dir='ltr'>au,</span> <span class='ocrx_word' id='word_1_173' title='bbox 1061 2875 1189 2938; x_wconf 91' lang='lat' dir='ltr'>quarum</span> 
     </span>
     <span class='ocr_line' id='line_1_24' title="bbox 147 2962 1190 3046; baseline 0.001 -20"><span class='ocrx_word' id='word_1_174' title='bbox 147 2964 250 3046; x_wconf 90' lang='lat' dir='ltr'>prima</span> <span class='ocrx_word' id='word_1_175' title='bbox 262 2963 293 3026; x_wconf 91' lang='lat' dir='ltr'>in</span> <span class='ocrx_word' id='word_1_176' title='bbox 302 2962 464 3027; x_wconf 78' lang='lat' dir='ltr'>uocabulis</span> <span class='ocrx_word' id='word_1_177' title='bbox 476 2962 562 3026; x_wconf 89' lang='lat' dir='ltr'>velut</span> <span class='ocrx_word' id='word_1_178' title='bbox 576 2981 595 3024; x_wconf 91' lang='lat' dir='ltr'>n</span> <span class='ocrx_word' id='word_1_179' title='bbox 607 2964 735 3039; x_wconf 89' lang='lat' dir='ltr'>enter,</span> <span class='ocrx_word' id='word_1_180' title='bbox 760 2983 834 3027; x_wconf 93' lang='lat' dir='ltr'>neu</span> <span class='ocrx_word' id='word_1_181' title='bbox 856 2982 891 3028; x_wconf 83' lang='lat' dir='ltr'>ex</span> <span class='ocrx_word' id='word_1_182' title='bbox 904 2964 1109 3028; x_wconf 85' lang='lat' dir='ltr'>contractione</span> <span class='ocrx_word' id='word_1_183' title='bbox 1124 2965 1190 3027; x_wconf 88' lang='lat' dir='ltr'>orta</span> 
     </span>
     <span class='ocr_line' id='line_1_25' title="bbox 148 3067 1189 3153; baseline -0.001 -18"><span class='ocrx_word' id='word_1_184' title='bbox 148 3073 187 3136; x_wconf 91' lang='lat' dir='ltr'>ut</span> <span class='ocrx_word' id='word_1_185' title='bbox 204 3069 355 3149; x_wconf 89' lang='lat' dir='ltr'>omnibns,</span> <span class='ocrx_word' id='word_1_186' title='bbox 388 3070 433 3133; x_wconf 90' lang='lat' dir='ltr'>ita</span> <span class='ocrx_word' id='word_1_187' title='bbox 454 3067 579 3133; x_wconf 78' lang='lat' dir='ltr'>Catonis</span> <span class='ocrx_word' id='word_1_188' title='bbox 602 3087 722 3151; x_wconf 89' lang='lat' dir='ltr'>quoque</span> <span class='ocrx_word' id='word_1_189' title='bbox 747 3071 937 3153; x_wconf 89' lang='lat' dir='ltr'>temporibus</span> <span class='ocrx_word' id='word_1_190' title='bbox 970 3071 1086 3135; x_wconf 88' lang='lat' dir='ltr'>usitata</span> <span class='ocrx_word' id='word_1_191' title='bbox 1121 3070 1189 3148; x_wconf 81' lang='lat' dir='ltr'>fuit,</span> 
     </span>
     <span class='ocr_line' id='line_1_26' title="bbox 151 3176 1190 3264; baseline -0.002 -22"><span class='ocrx_word' id='word_1_192' title='bbox 151 3178 190 3242; x_wconf 90' lang='lat' dir='ltr'>de</span> <span class='ocrx_word' id='word_1_193' title='bbox 214 3177 313 3242; x_wconf 86' lang='lat' dir='ltr'>altera</span> <span class='ocrx_word' id='word_1_194' title='bbox 334 3195 405 3241; x_wconf 89' lang='lat' dir='ltr'>vcro</span> <span class='ocrx_word' id='word_1_195' title='bbox 429 3177 491 3240; x_wconf 91' lang='lat' dir='ltr'>iam</span> <span class='ocrx_word' id='word_1_196' title='bbox 516 3194 608 3257; x_wconf 89' lang='lat' dir='ltr'>supra</span> <span class='ocrx_word' id='word_1_197' title='bbox 627 3176 761 3240; x_wconf 88' lang='lat' dir='ltr'>vidimus</span> <span class='ocrx_word' id='word_1_198' title='bbox 784 3180 887 3242; x_wconf 86' lang='lat' dir='ltr'>utrum</span> <span class='ocrx_word' id='word_1_199' title='bbox 909 3177 983 3242; x_wconf 80' lang='lat' dir='ltr'>Cato</span> <span class='ocrx_word' id='word_1_200' title='bbox 1008 3177 1190 3264; x_wconf 77' lang='lat' dir='ltr'>scripturam</span> 
     </span>
     <span class='ocr_line' id='line_1_27' title="bbox 152 3284 1189 3366; baseline -0.002 -17"><span class='ocrx_word' id='word_1_201' title='bbox 152 3286 183 3350; x_wconf 92' lang='lat' dir='ltr'>ai</span> <span class='ocrx_word' id='word_1_202' title='bbox 206 3303 243 3348; x_wconf 90' lang='lat' dir='ltr'>an</span> <span class='ocrx_word' id='word_1_203' title='bbox 268 3304 303 3348; x_wconf 87' lang='lat' dir='ltr'>ae</span> <span class='ocrx_word' id='word_1_204' title='bbox 325 3284 469 3348; x_wconf 89' lang='lat' dir='ltr'>maluerit</span> <span class='ocrx_word' id='word_1_205' title='bbox 503 3303 539 3346; x_wconf 92' lang='lat' dir='ltr'>an</span> <span class='ocrx_word' id='word_1_206' title='bbox 575 3285 705 3365; x_wconf 86' lang='lat' dir='ltr'>utraque</span> <span class='ocrx_word' id='word_1_207' title='bbox 729 3304 803 3348; x_wconf 91' lang='lat' dir='ltr'>usus</span> <span class='ocrx_word' id='word_1_208' title='bbox 832 3285 881 3362; x_wconf 81' lang='lat' dir='ltr'>sit,</span> <span class='ocrx_word' id='word_1_209' title='bbox 918 3284 978 3348; x_wconf 90' lang='lat' dir='ltr'>dici</span> <span class='ocrx_word' id='word_1_210' title='bbox 1008 3303 1067 3349; x_wconf 92' lang='lat' dir='ltr'>non</span> <span class='ocrx_word' id='word_1_211' title='bbox 1090 3303 1189 3366; x_wconf 92' lang='lat' dir='ltr'>posse.</span> 
     </span>
     <span class='ocr_line' id='line_1_28' title="bbox 149 3391 1189 3475; baseline -0.004 -17"><span class='ocrx_word' id='word_1_212' title='bbox 149 3391 370 3475; x_wconf 85' lang='lat' dir='ltr'>Diphthongus</span> <span class='ocrx_word' id='word_1_213' title='bbox 408 3410 447 3454; x_wconf 92' lang='lat' dir='ltr'>au</span> <span class='ocrx_word' id='word_1_214' title='bbox 483 3392 588 3455; x_wconf 89' lang='lat' dir='ltr'>contra</span> <span class='ocrx_word' id='word_1_215' title='bbox 608 3391 640 3454; x_wconf 89' lang='lat' dir='ltr'>in</span> <span class='ocrx_word' id='word_1_216' title='bbox 676 3392 782 3473; x_wconf 89' lang='lat' dir='ltr'>paucis</span> <span class='ocrx_word' id='word_1_217' title='bbox 816 3392 974 3456; x_wconf 87' lang='lat' dir='ltr'>vocabulis</span> <span class='ocrx_word' id='word_1_218' title='bbox 1005 3392 1189 3468; x_wconf 85' lang='lat' dir='ltr'>attenuatur,</span> 
     </span>
     <span class='ocr_line' id='line_1_29' title="bbox 153 3497 1190 3582; baseline -0.002 -20"><span class='ocrx_word' id='word_1_219' title='bbox 153 3499 337 3582; x_wconf 89' lang='lat' dir='ltr'>plerumque</span> <span class='ocrx_word' id='word_1_220' title='bbox 362 3497 508 3562; x_wconf 88' lang='lat' dir='ltr'>servatur.</span> <span class='ocrx_word' id='word_1_221' title='bbox 556 3498 601 3561; x_wconf 81' lang='lat' dir='ltr'>Ex</span> <span class='ocrx_word' id='word_1_222' title='bbox 626 3499 679 3575; x_wconf 89' lang='lat' dir='ltr'>eis,</span> <span class='ocrx_word' id='word_1_223' title='bbox 709 3517 786 3580; x_wconf 91' lang='lat' dir='ltr'>quae</span> <span class='ocrx_word' id='word_1_224' title='bbox 815 3498 896 3582; x_wconf 88' lang='lat' dir='ltr'>apud</span> <span class='ocrx_word' id='word_1_225' title='bbox 920 3497 1066 3563; x_wconf 79' lang='lat' dir='ltr'>Catonem</span> <span class='ocrx_word' id='word_1_226' title='bbox 1094 3517 1140 3565; x_wconf 87' lang='lat' dir='ltr'>au</span> <span class='ocrx_word' id='word_1_227' title='bbox 1160 3500 1190 3561; x_wconf 92' lang='lat' dir='ltr'>in</span> 
     </span>
     <span class='ocr_line' id='line_1_30' title="bbox 150 3604 1190 3688; baseline -0.007 -13"><span class='ocrx_word' id='word_1_228' title='bbox 150 3606 352 3675; x_wconf 83' lang='lat' dir='ltr'>omutatum</span> <span class='ocrx_word' id='word_1_229' title='bbox 375 3604 497 3681; x_wconf 84' lang='lat' dir='ltr'>habent,</span> <span class='ocrx_word' id='word_1_230' title='bbox 534 3605 785 3688; x_wconf 84' lang='lat' dir='ltr'>inscriptionibus</span> <span class='ocrx_word' id='word_1_231' title='bbox 814 3607 967 3688; x_wconf 90' lang='lat' dir='ltr'>plostrum</span> <span class='ocrx_word' id='word_1_232' title='bbox 993 3605 1092 3668; x_wconf 90' lang='lat' dir='ltr'>solum</span> <span class='ocrx_word' id='word_1_233' title='bbox 1117 3623 1190 3669; x_wconf 88' lang='lat' dir='ltr'>oon·</span> 
     </span>
     <span class='ocr_line' id='line_1_31' title="bbox 147 3711 1192 3794; baseline -0.004 -17"><span class='ocrx_word' id='word_1_234' title='bbox 147 3713 292 3777; x_wconf 91' lang='lat' dir='ltr'>firmatur</span> <span class='ocrx_word' id='word_1_235' title='bbox 315 3711 353 3776; x_wconf 87' lang='lat' dir='ltr'>of.</span> <span class='ocrx_word' id='word_1_236' title='bbox 379 3712 453 3789; x_wconf 89' lang='grc'>206,</span> <span class='ocrx_word' id='word_1_237' title='bbox 469 3714 521 3776; x_wconf 86' lang='grc'>57.</span> <span class='ocrx_word' id='word_1_238' title='bbox 547 3713 598 3776; x_wconf 88' lang='grc'>60.</span> <span class='ocrx_word' id='word_1_239' title='bbox 624 3713 675 3776; x_wconf 90' lang='grc'>63.</span> <span class='ocrx_word' id='word_1_240' title='bbox 703 3715 767 3787; x_wconf 80' lang='grc'>64.</span> <span class='ocrx_word' id='word_1_241' title='bbox 784 3712 834 3776; x_wconf 85' lang='lat'>65.</span> <span class='ocrx_word' id='word_1_242' title='bbox 862 3714 913 3776; x_wconf 90' lang='grc'>66.</span> <span class='ocrx_word' id='word_1_243' title='bbox 940 3714 990 3790; x_wconf 90' lang='grc'>62,</span> <span class='ocrx_word' id='word_1_244' title='bbox 1017 3731 1086 3776; x_wconf 90' lang='lat' dir='ltr'>oum</span> <span class='ocrx_word' id='word_1_245' title='bbox 1110 3711 1192 3794; x_wconf 88' lang='lat' dir='ltr'>apud</span> 
     </span>
     <span class='ocr_line' id='line_1_32' title="bbox 149 3814 1191 3900; baseline -0.005 -15"><span class='ocrx_word' id='word_1_246' title='bbox 149 3819 299 3885; x_wconf 84' lang='lat' dir='ltr'>Catonem</span> <span class='ocrx_word' id='word_1_247' title='bbox 314 3818 485 3900; x_wconf 83' lang='lat' dir='ltr'>complures</span> <span class='ocrx_word' id='word_1_248' title='bbox 504 3814 656 3886; x_wconf 79' lang='lat' dir='ltr'>formano</span> <span class='ocrx_word' id='word_1_249' title='bbox 677 3819 815 3882; x_wconf 88' lang='lat' dir='ltr'>vocalem</span> <span class='ocrx_word' id='word_1_250' title='bbox 837 3819 1019 3884; x_wconf 81' lang='lat' dir='ltr'>exhibeant:</span> <span class='ocrx_word' id='word_1_251' title='bbox 1040 3819 1191 3900; x_wconf 89' lang='lat' dir='ltr'>plostrum</span> 
     </span>
     <span class='ocr_line' id='line_1_33' title="bbox 152 3924 1191 4010; baseline -0.005 -19"><span class='ocrx_word' id='word_1_252' title='bbox 152 3930 183 4005; x_wconf 95' lang='grc'>2,</span> <span class='ocrx_word' id='word_1_253' title='bbox 200 3930 218 3990; x_wconf 97' lang='grc'><strong>7</strong></span> <span class='ocrx_word' id='word_1_254' title='bbox 244 3927 292 4010; x_wconf 84' lang='grc' dir='ltr'>(Ρ.</span> <span class='ocrx_word' id='word_1_255' title='bbox 307 3925 345 3989; x_wconf 87' lang='grc' dir='ltr'>Α.</span> <span class='ocrx_word' id='word_1_256' title='bbox 362 3925 439 4002; x_wconf 87' lang='lat' dir='ltr'>b.o.,</span> <span class='ocrx_word' id='word_1_257' title='bbox 463 3924 637 4006; x_wconf 87' lang='lat' dir='ltr'>plaustrum</span> <span class='ocrx_word' id='word_1_258' title='bbox 656 3925 676 3988; x_wconf 87' lang='lat' dir='ltr'>f.</span> <span class='ocrx_word' id='word_1_259' title='bbox 693 3927 723 4010; x_wconf 80' lang='lat' dir='ltr'>v)</span> <span class='ocrx_word' id='word_1_260' title='bbox 750 3927 801 4002; x_wconf 87' lang='grc'>10,</span> <span class='ocrx_word' id='word_1_261' title='bbox 816 3929 845 3989; x_wconf 92' lang='grc'>2.</span> <span class='ocrx_word' id='word_1_262' title='bbox 870 3928 911 3990; x_wconf 84' lang='grc'>63</span> <span class='ocrx_word' id='word_1_263' title='bbox 935 3926 981 3989; x_wconf 90' lang='lat' dir='ltr'>bis</span> <span class='ocrx_word' id='word_1_264' title='bbox 1006 3925 1191 4008; x_wconf 89' lang='lat' dir='ltr'>(plaustrum</span> 
     </span>
    </p>
   </div>
   <div class='ocr_carea' id='block_1_5' title="bbox 150 4030 1191 4205">
    <p class='ocr_par' dir='ltr' id='par_1_6' title="bbox 150 4030 1191 4205">
     <span class='ocr_line' id='line_1_34' title="bbox 150 4030 1191 4118; baseline -0.005 -20"><span class='ocrx_word' id='word_1_265' title='bbox 150 4034 261 4118; x_wconf 87' lang='lat' dir='ltr'>priore</span> <span class='ocrx_word' id='word_1_266' title='bbox 279 4031 345 4096; x_wconf 94' lang='lat' dir='ltr'>loco</span> <span class='ocrx_word' id='word_1_267' title='bbox 369 4031 489 4108; x_wconf 89' lang='lat' dir='ltr'>PAR,</span> <span class='ocrx_word' id='word_1_268' title='bbox 527 4030 679 4112; x_wconf 90' lang='lat' dir='ltr'>plostrum</span> <span class='ocrx_word' id='word_1_269' title='bbox 713 4051 741 4096; x_wconf 87' lang='lat' dir='ltr'>v.</span> <span class='ocrx_word' id='word_1_270' title='bbox 772 4033 805 4096; x_wconf 91' lang='lat' dir='ltr'>in</span> <span class='ocrx_word' id='word_1_271' title='bbox 839 4032 991 4115; x_wconf 90' lang='lat' dir='ltr'>plostrum</span> <span class='ocrx_word' id='word_1_272' title='bbox 1024 4031 1191 4114; x_wconf 83' lang='lat' dir='ltr'>posteriore</span> 
     </span>
     <span class='ocr_line' id='line_1_35' title="bbox 1057 4152 1088 4205; baseline 0 -24"><span class='ocrx_word' id='word_1_273' title='bbox 1057 4152 1088 4205; x_wconf 83' lang='lat'>4*</span> 
     </span>
    </p>
   </div>
   <div class='ocr_carea' id='block_1_6' title="bbox 0 0 1519 4716">
    <p class='ocr_par' dir='ltr' id='par_1_7' title="bbox 0 0 1519 4716">
     <span class='ocr_line' id='line_1_36' title="bbox 0 0 1519 4716; baseline 0 0"><span class='ocrx_word' id='word_1_274' title='bbox 0 0 1519 4716; x_wconf 95' lang='lat' dir='ltr'> </span> 
     </span>
    </p>
   </div>
  </div>
 </body>
</html>
