<?xml version="1.0" encoding="UTF-8"?>
<!DOCTYPE html PUBLIC "-//W3C//DTD XHTML 1.0 Transitional//EN"
    "http://www.w3.org/TR/xhtml1/DTD/xhtml1-transitional.dtd">
<html xmlns="http://www.w3.org/1999/xhtml" xml:lang="en" lang="en">
 <head>
  <title>
</title>
<meta http-equiv="Content-Type" content="text/html;charset=utf-8" />
  <meta name='ocr-system' content='tesseract 3.04.00' />
  <meta name='ocr-capabilities' content='ocr_page ocr_carea ocr_par ocr_line ocrx_word'/>
</head>
<body>
  <div class='ocr_page' id='page_1' title='image "./quaestionumcato00weisgoog_0038.png"; bbox 0 0 3018 4716; ppageno 0'>
   <div class='ocr_carea' id='block_1_1' title="bbox 608 489 825 550">
    <p class='ocr_par' dir='ltr' id='par_1_1' title="bbox 608 489 825 550">
     <span class='ocr_line' id='line_1_1' title="bbox 608 489 825 550; baseline -0.023 -13"><span class='ocrx_word' id='word_1_1' title='bbox 608 489 825 550; x_wconf 55' lang='lat'>..24-</span> 
     </span>
    </p>
   </div>
   <div class='ocr_carea' id='block_1_2' title="bbox 158 674 1238 1405">
    <p class='ocr_par' dir='ltr' id='par_1_2' title="bbox 158 674 1236 867">
     <span class='ocr_line' id='line_1_2' title="bbox 158 674 1236 761; baseline -0.002 -21"><span class='ocrx_word' id='word_1_2' title='bbox 158 693 164 697; x_wconf 86' lang='lat'>·</span> <span class='ocrx_word' id='word_1_3' title='bbox 199 698 229 761; x_wconf 92' lang='lat' dir='ltr'>p.</span> <span class='ocrx_word' id='word_1_4' title='bbox 259 677 319 742; x_wconf 84' lang='lat'>151</span> <span class='ocrx_word' id='word_1_5' title='bbox 345 676 381 741; x_wconf 89' lang='lat' dir='ltr'>de</span> <span class='ocrx_word' id='word_1_6' title='bbox 406 676 659 758; x_wconf 76' lang='lat' dir='ltr'>pronunciatione</span> <span class='ocrx_word' id='word_1_7' title='bbox 683 676 741 741; x_wconf 90' lang='lat' dir='ltr'>oet.</span> <span class='ocrx_word' id='word_1_8' title='bbox 767 677 834 752; x_wconf 70' lang='lat'>112,</span> <span class='ocrx_word' id='word_1_9' title='bbox 869 677 942 740; x_wconf 79' lang='lat'>271.</span> <span class='ocrx_word' id='word_1_10' title='bbox 991 674 1115 740; x_wconf 79' lang='lat' dir='ltr'>Curtius</span> <span class='ocrx_word' id='word_1_11' title='bbox 1141 675 1236 760; x_wconf 91' lang='lat' dir='ltr'>etym.</span> 
     </span>
     <span class='ocr_line' id='line_1_3' title="bbox 200 784 476 867; baseline -0.007 -17"><span class='ocrx_word' id='word_1_12' title='bbox 200 785 307 850; x_wconf 83' lang='lat' dir='ltr'>Graec.</span> <span class='ocrx_word' id='word_1_13' title='bbox 333 805 362 866; x_wconf 91' lang='lat' dir='ltr'>p.</span> <span class='ocrx_word' id='word_1_14' title='bbox 388 784 476 867; x_wconf 81' lang='lat'>279).</span> 
     </span>
    </p>

    <p class='ocr_par' dir='ltr' id='par_1_3' title="bbox 198 889 1238 1405">
     <span class='ocr_line' id='line_1_4' title="bbox 291 889 1237 972; baseline -0.002 -18"><span class='ocrx_word' id='word_1_15' title='bbox 291 893 325 955; x_wconf 91' lang='lat' dir='ltr'>ln</span> <span class='ocrx_word' id='word_1_16' title='bbox 350 889 394 954; x_wconf 89' lang='lat' dir='ltr'>eis</span> <span class='ocrx_word' id='word_1_17' title='bbox 415 890 581 967; x_wconf 76' lang='lat' dir='ltr'>vocabulis,</span> <span class='ocrx_word' id='word_1_18' title='bbox 615 891 646 954; x_wconf 92' lang='lat' dir='ltr'>in</span> <span class='ocrx_word' id='word_1_19' title='bbox 671 889 782 972; x_wconf 90' lang='lat' dir='ltr'>quibus</span> <span class='ocrx_word' id='word_1_20' title='bbox 805 890 919 966; x_wconf 85' lang='lat' dir='ltr'>vocalis</span> <span class='ocrx_word' id='word_1_21' title='bbox 944 890 1035 954; x_wconf 90' lang='lat' dir='ltr'>dubia</span> <span class='ocrx_word' id='word_1_22' title='bbox 1067 891 1098 953; x_wconf 91' lang='lat' dir='ltr'>in</span> <span class='ocrx_word' id='word_1_23' title='bbox 1130 889 1237 954; x_wconf 87' lang='lat' dir='ltr'>suffixo</span> 
     </span>
     <span class='ocr_line' id='line_1_5' title="bbox 200 997 1238 1084; baseline -0.002 -22"><span class='ocrx_word' id='word_1_24' title='bbox 200 999 286 1062; x_wconf 88' lang='lat' dir='ltr'>extat</span> <span class='ocrx_word' id='word_1_25' title='bbox 309 999 343 1062; x_wconf 94' lang='lat' dir='ltr'>ut</span> <span class='ocrx_word' id='word_1_26' title='bbox 374 998 688 1075; x_wconf 71' lang='lat' dir='ltr'>monumentum,</span> <span class='ocrx_word' id='word_1_27' title='bbox 725 997 864 1084; x_wconf 90' lang='lat' dir='ltr'>omnibus</span> <span class='ocrx_word' id='word_1_28' title='bbox 893 998 1082 1080; x_wconf 70' lang='lat' dir='ltr'>temporibus</span> <span class='ocrx_word' id='word_1_29' title='bbox 1118 1017 1238 1060; x_wconf 90' lang='lat' dir='ltr'>summa</span> 
     </span>
     <span class='ocr_line' id='line_1_6' title="bbox 199 1104 1234 1188; baseline -0.002 -18"><span class='ocrx_word' id='word_1_30' title='bbox 199 1105 355 1170; x_wconf 77' lang='lat' dir='ltr'>vacillatio</span> <span class='ocrx_word' id='word_1_31' title='bbox 377 1105 445 1181; x_wconf 77' lang='lat' dir='ltr'>fuit,</span> <span class='ocrx_word' id='word_1_32' title='bbox 469 1105 513 1169; x_wconf 87' lang='lat' dir='ltr'>ita</span> <span class='ocrx_word' id='word_1_33' title='bbox 531 1105 567 1168; x_wconf 91' lang='lat' dir='ltr'>ut</span> <span class='ocrx_word' id='word_1_34' title='bbox 589 1105 665 1168; x_wconf 90' lang='lat' dir='ltr'>nihil</span> <span class='ocrx_word' id='word_1_35' title='bbox 686 1105 761 1169; x_wconf 89' lang='lat' dir='ltr'>certi</span> <span class='ocrx_word' id='word_1_36' title='bbox 785 1105 953 1169; x_wconf 87' lang='lat' dir='ltr'>asseverari</span> <span class='ocrx_word' id='word_1_37' title='bbox 975 1105 1084 1188; x_wconf 90' lang='lat' dir='ltr'>possit.</span> <span class='ocrx_word' id='word_1_38' title='bbox 1132 1104 1234 1169; x_wconf 86' lang='lat' dir='ltr'>Testi-</span> 
     </span>
     <span class='ocr_line' id='line_1_7' title="bbox 198 1211 1234 1294; baseline -0.002 -17"><span class='ocrx_word' id='word_1_39' title='bbox 198 1213 301 1277; x_wconf 91' lang='lat' dir='ltr'>monio</span> <span class='ocrx_word' id='word_1_40' title='bbox 324 1231 389 1277; x_wconf 89' lang='lat' dir='ltr'>esse</span> <span class='ocrx_word' id='word_1_41' title='bbox 413 1211 517 1294; x_wconf 87' lang='lat' dir='ltr'>potest</span> <span class='ocrx_word' id='word_1_42' title='bbox 539 1211 607 1294; x_wconf 89' lang='lat' dir='ltr'>ipsa</span> <span class='ocrx_word' id='word_1_43' title='bbox 629 1231 686 1276; x_wconf 84' lang='lat' dir='ltr'>vox</span> <span class='ocrx_word' id='word_1_44' title='bbox 709 1213 949 1290; x_wconf 79' lang='lat' dir='ltr'>monumentum,</span> <span class='ocrx_word' id='word_1_45' title='bbox 975 1232 1053 1294; x_wconf 89' lang='lat' dir='ltr'>quae</span> <span class='ocrx_word' id='word_1_46' title='bbox 1083 1213 1113 1276; x_wconf 90' lang='lat' dir='ltr'>in</span> <span class='ocrx_word' id='word_1_47' title='bbox 1145 1213 1234 1275; x_wconf 87' lang='lat' dir='ltr'>inser.</span> 
     </span>
     <span class='ocr_line' id='line_1_8' title="bbox 198 1319 1234 1405; baseline -0.002 -19"><span class='ocrx_word' id='word_1_48' title='bbox 198 1321 331 1386; x_wconf 83' lang='lat' dir='ltr'>vetustis</span> <span class='ocrx_word' id='word_1_49' title='bbox 357 1319 446 1384; x_wconf 89' lang='lat' dir='ltr'>modo</span> <span class='ocrx_word' id='word_1_50' title='bbox 471 1338 526 1402; x_wconf 89' lang='lat' dir='ltr'>per</span> <span class='ocrx_word' id='word_1_51' title='bbox 550 1338 585 1405; x_wconf 83' lang='lat' dir='ltr'>u,</span> <span class='ocrx_word' id='word_1_52' title='bbox 607 1320 697 1384; x_wconf 92' lang='lat' dir='ltr'>modo</span> <span class='ocrx_word' id='word_1_53' title='bbox 722 1340 775 1402; x_wconf 91' lang='lat' dir='ltr'>per</span> <span class='ocrx_word' id='word_1_54' title='bbox 800 1321 812 1384; x_wconf 92' lang='lat' dir='ltr'>i</span> <span class='ocrx_word' id='word_1_55' title='bbox 835 1320 949 1401; x_wconf 88' lang='lat' dir='ltr'>scripta</span> <span class='ocrx_word' id='word_1_56' title='bbox 973 1320 1020 1383; x_wconf 87' lang='lat' dir='ltr'>est</span> <span class='ocrx_word' id='word_1_57' title='bbox 1040 1320 1078 1385; x_wconf 85' lang='lat' dir='ltr'>cf.</span> <span class='ocrx_word' id='word_1_58' title='bbox 1102 1319 1134 1384; x_wconf 83' lang='lat'>0.</span> <span class='ocrx_word' id='word_1_59' title='bbox 1151 1320 1181 1384; x_wconf 83' lang='lat' dir='ltr'>J.</span> <span class='ocrx_word' id='word_1_60' title='bbox 1200 1321 1234 1384; x_wconf 83' lang='lat' dir='ltr'>L.</span> 
     </span>
    </p>
   </div>
   <div class='ocr_carea' id='block_1_3' title="bbox 199 1427 1362 1506">
    <p class='ocr_par' dir='ltr' id='par_1_4' title="bbox 199 1427 1362 1506">
     <span class='ocr_line' id='line_1_9' title="bbox 199 1427 1362 1506; baseline -0.003 -13"><span class='ocrx_word' id='word_1_61' title='bbox 199 1430 224 1506; x_wconf 84' lang='lat'>1,</span> <span class='ocrx_word' id='word_1_62' title='bbox 264 1429 328 1492; x_wconf 83' lang='lat'>586</span> <span class='ocrx_word' id='word_1_63' title='bbox 369 1427 425 1491; x_wconf 90' lang='lat' dir='ltr'>col.</span> <span class='ocrx_word' id='word_1_64' title='bbox 456 1429 485 1491; x_wconf 88' lang='lat'>3.</span> <span class='ocrx_word' id='word_1_65' title='bbox 548 1428 705 1491; x_wconf 83' lang='lat' dir='ltr'>Nonnulla</span> <span class='ocrx_word' id='word_1_66' title='bbox 740 1427 844 1491; x_wconf 89' lang='lat' dir='ltr'>tamen</span> <span class='ocrx_word' id='word_1_67' title='bbox 877 1427 1048 1492; x_wconf 80' lang='lat' dir='ltr'>accuratius</span> <span class='ocrx_word' id='word_1_68' title='bbox 1092 1427 1239 1491; x_wconf 90' lang='lat' dir='ltr'>constitui</span> <span class='ocrx_word' id='word_1_69' title='bbox 1358 1469 1362 1476; x_wconf 39' lang='grc' dir='ltr'><strong>ι</strong></span> 
     </span>
    </p>
   </div>
   <div class='ocr_carea' id='block_1_4' title="bbox 125 1533 1251 3982">
    <p class='ocr_par' dir='ltr' id='par_1_5' title="bbox 125 1533 1251 3549">
     <span class='ocr_line' id='line_1_10' title="bbox 198 1533 1236 1617; baseline -0.001 -18"><span class='ocrx_word' id='word_1_70' title='bbox 198 1535 337 1617; x_wconf 82' lang='lat' dir='ltr'>possunt.</span> <span class='ocrx_word' id='word_1_71' title='bbox 386 1533 476 1598; x_wconf 78' lang='lat' dir='ltr'>Certe</span> <span class='ocrx_word' id='word_1_72' title='bbox 500 1553 621 1616; x_wconf 89' lang='lat' dir='ltr'>semper</span> <span class='ocrx_word' id='word_1_73' title='bbox 643 1554 667 1601; x_wconf 94' lang='lat' dir='ltr'>u</span> <span class='ocrx_word' id='word_1_74' title='bbox 692 1535 886 1600; x_wconf 90' lang='lat' dir='ltr'>scribendum</span> <span class='ocrx_word' id='word_1_75' title='bbox 919 1535 967 1601; x_wconf 91' lang='lat' dir='ltr'>est</span> <span class='ocrx_word' id='word_1_76' title='bbox 990 1535 1023 1598; x_wconf 94' lang='lat' dir='ltr'>in</span> <span class='ocrx_word' id='word_1_77' title='bbox 1050 1536 1142 1600; x_wconf 86' lang='lat' dir='ltr'>verbo</span> <span class='ocrx_word' id='word_1_78' title='bbox 1175 1555 1236 1600; x_wconf 89' lang='lat' dir='ltr'>ex-</span> 
     </span>
     <span class='ocr_line' id='line_1_11' title="bbox 197 1642 1239 1724; baseline 0 -18"><span class='ocrx_word' id='word_1_79' title='bbox 197 1642 402 1719; x_wconf 77' lang='lat' dir='ltr'>istimare,</span> <span class='ocrx_word' id='word_1_80' title='bbox 446 1661 634 1723; x_wconf 87' lang='lat' dir='ltr'>quamquam</span> <span class='ocrx_word' id='word_1_81' title='bbox 666 1643 739 1706; x_wconf 89' lang='lat' dir='ltr'>libri</span> <span class='ocrx_word' id='word_1_82' title='bbox 772 1661 846 1706; x_wconf 86' lang='lat' dir='ltr'>mss.</span> <span class='ocrx_word' id='word_1_83' title='bbox 879 1663 902 1706; x_wconf 84' lang='lat' dir='ltr'>r.</span> <span class='ocrx_word' id='word_1_84' title='bbox 933 1663 956 1706; x_wconf 86' lang='lat' dir='ltr'>r.</span> <span class='ocrx_word' id='word_1_85' title='bbox 992 1643 1086 1724; x_wconf 84' lang='lat' dir='ltr'>praei.</span> <span class='ocrx_word' id='word_1_86' title='bbox 1120 1643 1239 1706; x_wconf 88' lang='lat' dir='ltr'>tantum</span> 
     </span>
     <span class='ocr_line' id='line_1_12' title="bbox 199 1749 1238 1831; baseline 0 -17"><span class='ocrx_word' id='word_1_87' title='bbox 199 1750 439 1814; x_wconf 89' lang='lat' dir='ltr'>existimare</span> <span class='ocrx_word' id='word_1_88' title='bbox 476 1749 627 1813; x_wconf 85' lang='lat' dir='ltr'>exhibent.</span> <span class='ocrx_word' id='word_1_89' title='bbox 681 1750 790 1831; x_wconf 89' lang='lat' dir='ltr'>Neque</span> <span class='ocrx_word' id='word_1_90' title='bbox 828 1750 918 1829; x_wconf 22' lang='lat' dir='ltr'>enim·</span> <span class='ocrx_word' id='word_1_91' title='bbox 939 1749 1152 1831; x_wconf 88' lang='lat' dir='ltr'>inscriptiones</span> <span class='ocrx_word' id='word_1_92' title='bbox 1188 1769 1238 1814; x_wconf 92' lang='lat' dir='ltr'>ve·</span> 
     </span>
     <span class='ocr_line' id='line_1_13' title="bbox 199 1854 1240 1938; baseline 0.001 -17"><span class='ocrx_word' id='word_1_93' title='bbox 199 1858 303 1921; x_wconf 90' lang='lat' dir='ltr'>tustae</span> <span class='ocrx_word' id='word_1_94' title='bbox 342 1857 438 1920; x_wconf 89' lang='lat' dir='ltr'>ullam</span> <span class='ocrx_word' id='word_1_95' title='bbox 478 1856 570 1920; x_wconf 90' lang='lat' dir='ltr'>aliam</span> <span class='ocrx_word' id='word_1_96' title='bbox 611 1854 742 1921; x_wconf 82' lang='lat' dir='ltr'>formam</span> <span class='ocrx_word' id='word_1_97' title='bbox 790 1876 882 1938; x_wconf 92' lang='lat' dir='ltr'>quam</span> <span class='ocrx_word' id='word_1_98' title='bbox 932 1859 1157 1921; x_wconf 88' lang='lat' dir='ltr'>aestumare</span> <span class='ocrx_word' id='word_1_99' title='bbox 1208 1861 1240 1923; x_wconf 89' lang='lat' dir='ltr'>et</span> 
     </span>
     <span class='ocr_line' id='line_1_14' title="bbox 199 1963 1235 2047; baseline -0.001 -18"><span class='ocrx_word' id='word_1_100' title='bbox 199 1965 441 2029; x_wconf 83' lang='lat' dir='ltr'>existumare</span> <span class='ocrx_word' id='word_1_101' title='bbox 468 1965 637 2047; x_wconf 90' lang='lat' dir='ltr'>agnoscunt</span> <span class='ocrx_word' id='word_1_102' title='bbox 655 1963 693 2027; x_wconf 87' lang='lat' dir='ltr'>cf.</span> <span class='ocrx_word' id='word_1_103' title='bbox 718 1963 751 2027; x_wconf 79' lang='lat' dir='ltr'>d.</span> <span class='ocrx_word' id='word_1_104' title='bbox 766 1964 796 2029; x_wconf 88' lang='lat' dir='ltr'>J.</span> <span class='ocrx_word' id='word_1_105' title='bbox 811 1965 845 2027; x_wconf 88' lang='lat' dir='ltr'>L.</span> <span class='ocrx_word' id='word_1_106' title='bbox 865 1965 888 2042; x_wconf 90' lang='lat'>1,</span> <span class='ocrx_word' id='word_1_107' title='bbox 912 1964 974 2027; x_wconf 90' lang='lat' dir='ltr'>ind.</span> <span class='ocrx_word' id='word_1_108' title='bbox 992 1985 1022 2047; x_wconf 93' lang='lat' dir='ltr'>p.</span> <span class='ocrx_word' id='word_1_109' title='bbox 1041 1963 1105 2028; x_wconf 74' lang='lat'>572</span> <span class='ocrx_word' id='word_1_110' title='bbox 1129 1965 1186 2028; x_wconf 93' lang='lat' dir='ltr'>col.</span> <span class='ocrx_word' id='word_1_111' title='bbox 1208 1967 1235 2028; x_wconf 88' lang='lat'>1.</span> 
     </span>
     <span class='ocr_line' id='line_1_15' title="bbox 199 2070 1238 2152; baseline -0.003 -15"><span class='ocrx_word' id='word_1_112' title='bbox 199 2074 264 2137; x_wconf 83' lang='lat'>579</span> <span class='ocrx_word' id='word_1_113' title='bbox 290 2071 347 2135; x_wconf 90' lang='lat' dir='ltr'>col.</span> <span class='ocrx_word' id='word_1_114' title='bbox 374 2073 403 2134; x_wconf 79' lang='grc'>2.</span> <span class='ocrx_word' id='word_1_115' title='bbox 429 2070 809 2148; x_wconf 80' lang='lat' dir='ltr'>necPlaut&#39;lib1·imss.‚</span> <span class='ocrx_word' id='word_1_116' title='bbox 847 2089 923 2152; x_wconf 88' lang='lat' dir='ltr'>quos</span> <span class='ocrx_word' id='word_1_117' title='bbox 947 2071 978 2134; x_wconf 91' lang='lat' dir='ltr'>in</span> <span class='ocrx_word' id='word_1_118' title='bbox 1009 2072 1058 2134; x_wconf 89' lang='lat' dir='ltr'>his</span> <span class='ocrx_word' id='word_1_119' title='bbox 1081 2070 1238 2136; x_wconf 86' lang='lat' dir='ltr'>vocabulis</span> 
     </span>
     <span class='ocr_line' id='line_1_16' title="bbox 197 2177 1237 2274; baseline -0.001 -30"><span class='ocrx_word' id='word_1_120' title='bbox 197 2198 315 2244; x_wconf 88' lang='lat' dir='ltr'>morem</span> <span class='ocrx_word' id='word_1_121' title='bbox 341 2178 502 2274; x_wconf 80' lang='lat' dir='ltr'>antiquum</span> <span class='ocrx_word' id='word_1_122' title='bbox 521 2196 657 2242; x_wconf 86' lang='lat' dir='ltr'>servasse</span> <span class='ocrx_word' id='word_1_123' title='bbox 682 2179 744 2241; x_wconf 87' lang='lat' dir='ltr'>iarn</span> <span class='ocrx_word' id='word_1_124' title='bbox 757 2197 853 2261; x_wconf 84' lang='lat' dir='ltr'>supra</span> <span class='ocrx_word' id='word_1_125' title='bbox 867 2177 1010 2242; x_wconf 83' lang='lat' dir='ltr'>vidimus.</span> <span class='ocrx_word' id='word_1_126' title='bbox 1051 2178 1089 2242; x_wconf 86' lang='lat' dir='ltr'>of.</span> <span class='ocrx_word' id='word_1_127' title='bbox 1108 2179 1237 2243; x_wconf 83' lang='lat' dir='ltr'>Corssen</span> 
     </span>
     <span class='ocr_line' id='line_1_17' title="bbox 198 2283 1251 2368; baseline -0.001 -18"><span class='ocrx_word' id='word_1_128' title='bbox 198 2287 251 2363; x_wconf 76' lang='lat'>1²,</span> <span class='ocrx_word' id='word_1_129' title='bbox 277 2287 352 2350; x_wconf 80' lang='lat'>336.</span> <span class='ocrx_word' id='word_1_130' title='bbox 402 2283 435 2349; x_wconf 87' lang='lat' dir='ltr'>Si</span> <span class='ocrx_word' id='word_1_131' title='bbox 457 2285 553 2366; x_wconf 84' lang='lat' dir='ltr'>igitur</span> <span class='ocrx_word' id='word_1_132' title='bbox 584 2304 627 2362; x_wconf 86' lang='lat' dir='ltr'>ea,</span> <span class='ocrx_word' id='word_1_133' title='bbox 650 2283 753 2366; x_wconf 78' lang='lat' dir='ltr'>&#39;quam</span> <span class='ocrx_word' id='word_1_134' title='bbox 782 2285 911 2350; x_wconf 83' lang='lat' dir='ltr'>Corssen</span> <span class='ocrx_word' id='word_1_135' title='bbox 933 2286 999 2364; x_wconf 75' lang='lat'>11²,</span> <span class='ocrx_word' id='word_1_136' title='bbox 1026 2288 1091 2350; x_wconf 75' lang='grc'>424</span> <span class='ocrx_word' id='word_1_137' title='bbox 1123 2285 1251 2368; x_wconf 84' lang='lat' dir='ltr'>profert</span> 
     </span>
     <span class='ocr_line' id='line_1_18' title="bbox 197 2391 1237 2477; baseline 0.001 -20"><span class='ocrx_word' id='word_1_138' title='bbox 197 2392 385 2477; x_wconf 82' lang='lat' dir='ltr'>etymologia</span> <span class='ocrx_word' id='word_1_139' title='bbox 398 2393 482 2456; x_wconf 87' lang='lat' dir='ltr'>recta</span> <span class='ocrx_word' id='word_1_140' title='bbox 502 2393 557 2468; x_wconf 86' lang='lat' dir='ltr'>est,</span> <span class='ocrx_word' id='word_1_141' title='bbox 571 2391 616 2456; x_wconf 90' lang='lat' dir='ltr'>ita</span> <span class='ocrx_word' id='word_1_142' title='bbox 628 2393 663 2455; x_wconf 91' lang='lat' dir='ltr'>ut</span> <span class='ocrx_word' id='word_1_143' title='bbox 675 2391 856 2456; x_wconf 86' lang='lat' dir='ltr'>vocabulum</span> <span class='ocrx_word' id='word_1_144' title='bbox 870 2392 1016 2455; x_wconf 88' lang='lat' dir='ltr'>aestum</span> <span class='ocrx_word' id='word_1_145' title='bbox 1030 2397 1102 2458; x_wconf 87' lang='lat' dir='ltr'>are</span> <span class='ocrx_word' id='word_1_146' title='bbox 1113 2412 1237 2476; x_wconf 91' lang='lat' dir='ltr'>compo-</span> 
     </span>
     <span class='ocr_line' id='line_1_19' title="bbox 199 2498 1236 2578; baseline 0.004 -15"><span class='ocrx_word' id='word_1_147' title='bbox 199 2499 295 2564; x_wconf 89' lang='lat' dir='ltr'>situm</span> <span class='ocrx_word' id='word_1_148' title='bbox 323 2499 364 2562; x_wconf 91' lang='lat' dir='ltr'>sit</span> <span class='ocrx_word' id='word_1_149' title='bbox 388 2517 423 2562; x_wconf 91' lang='lat' dir='ltr'>ex</span> <span class='ocrx_word' id='word_1_150' title='bbox 448 2516 522 2562; x_wconf 90' lang='lat' dir='ltr'>aes</span> <span class='ocrx_word' id='word_1_151' title='bbox 548 2500 578 2561; x_wconf 90' lang='lat' dir='ltr'>et</span> <span class='ocrx_word' id='word_1_152' title='bbox 610 2498 702 2562; x_wconf 88' lang='lat' dir='ltr'>verbo</span> <span class='ocrx_word' id='word_1_153' title='bbox 730 2498 834 2563; x_wconf 91' lang='lat' dir='ltr'>tuma</span> <span class='ocrx_word' id='word_1_154' title='bbox 861 2535 900 2546; x_wconf 88' lang='lat'>—</span> <span class='ocrx_word' id='word_1_155' title='bbox 926 2499 1087 2578; x_wconf 80' lang='lat' dir='ltr'>tima—‚</span> <span class='ocrx_word' id='word_1_156' title='bbox 1122 2499 1236 2567; x_wconf 85' lang='lat' dir='ltr'>Graece</span> 
     </span>
     <span class='ocr_line' id='line_1_20' title="bbox 194 2605 1236 2696; baseline 0.006 -28"><span class='ocrx_word' id='word_1_157' title='bbox 194 2630 275 2688; x_wconf 78' lang='grc' dir='ltr'><em>τιμα</em></span> <span class='ocrx_word' id='word_1_158' title='bbox 289 2605 374 2668; x_wconf 91' lang='lat' dir='ltr'>-in</span> <span class='ocrx_word' id='word_1_159' title='bbox 393 2608 527 2696; x_wconf 75' lang='grc' dir='ltr'>τίμημα,</span> <span class='ocrx_word' id='word_1_160' title='bbox 544 2623 579 2670; x_wconf 92' lang='lat' dir='ltr'>m</span> <span class='ocrx_word' id='word_1_161' title='bbox 593 2605 785 2668; x_wconf 90' lang='lat' dir='ltr'>consonantis</span> <span class='ocrx_word' id='word_1_162' title='bbox 809 2605 856 2669; x_wconf 85' lang='lat' dir='ltr'>vis</span> <span class='ocrx_word' id='word_1_163' title='bbox 868 2606 898 2669; x_wconf 90' lang='lat' dir='ltr'>in</span> <span class='ocrx_word' id='word_1_164' title='bbox 910 2606 968 2669; x_wconf 93' lang='lat' dir='ltr'>hoo</span> <span class='ocrx_word' id='word_1_165' title='bbox 989 2607 1137 2672; x_wconf 88' lang='lat' dir='ltr'>vocabulo</span> <span class='ocrx_word' id='word_1_166' title='bbox 1151 2610 1236 2674; x_wconf 90' lang='lat' dir='ltr'>tanta</span> 
     </span>
     <span class='ocr_line' id='line_1_21' title="bbox 194 2710 1236 2804; baseline 0.004 -28"><span class='ocrx_word' id='word_1_167' title='bbox 194 2714 263 2790; x_wconf 78' lang='lat' dir='ltr'>fuit,</span> <span class='ocrx_word' id='word_1_168' title='bbox 290 2714 325 2776; x_wconf 89' lang='lat' dir='ltr'>ut</span> <span class='ocrx_word' id='word_1_169' title='bbox 343 2731 380 2775; x_wconf 94' lang='lat' dir='ltr'>ne</span> <span class='ocrx_word' id='word_1_170' title='bbox 400 2711 505 2792; x_wconf 86' lang='lat' dir='ltr'>stirpis</span> <span class='ocrx_word' id='word_1_171' title='bbox 518 2710 643 2804; x_wconf 89' lang='lat' dir='ltr'>quidem</span> <span class='ocrx_word' id='word_1_172' title='bbox 656 2712 770 2775; x_wconf 87' lang='lat' dir='ltr'>vocalis</span> <span class='ocrx_word' id='word_1_173' title='bbox 785 2712 929 2796; x_wconf 86' lang='lat' dir='ltr'>defugere</span> <span class='ocrx_word' id='word_1_174' title='bbox 941 2731 998 2777; x_wconf 92' lang='lat' dir='ltr'>non</span> <span class='ocrx_word' id='word_1_175' title='bbox 1012 2715 1125 2795; x_wconf 91' lang='lat' dir='ltr'>posset.</span> <span class='ocrx_word' id='word_1_176' title='bbox 1175 2715 1236 2780; x_wconf 88' lang='lat' dir='ltr'>Sed</span> 
     </span>
     <span class='ocr_line' id='line_1_22' title="bbox 194 2818 1234 2904; baseline -0.001 -17"><span class='ocrx_word' id='word_1_177' title='bbox 194 2842 264 2887; x_wconf 87' lang='lat' dir='ltr'>cunr</span> <span class='ocrx_word' id='word_1_178' title='bbox 281 2819 468 2884; x_wconf 85' lang='lat' dir='ltr'>meoiudicio</span> <span class='ocrx_word' id='word_1_179' title='bbox 485 2818 609 2883; x_wconf 81' lang='lat' dir='ltr'>Curtius</span> <span class='ocrx_word' id='word_1_180' title='bbox 623 2822 715 2903; x_wconf 85' lang='lat' dir='ltr'>etym.</span> <span class='ocrx_word' id='word_1_181' title='bbox 729 2819 834 2885; x_wconf 82' lang='lat' dir='ltr'>Graec.</span> <span class='ocrx_word' id='word_1_182' title='bbox 847 2839 917 2904; x_wconf 89' lang='lat' dir='ltr'>pag.</span> <span class='ocrx_word' id='word_1_183' title='bbox 932 2822 998 2886; x_wconf 89' lang='lat'>488</span> <span class='ocrx_word' id='word_1_184' title='bbox 1011 2821 1139 2904; x_wconf 85' lang='lat' dir='ltr'>stirpem</span> <span class='ocrx_word' id='word_1_185' title='bbox 1151 2847 1184 2886; x_wconf 83' lang='grc' dir='ltr'>τι</span> <span class='ocrx_word' id='word_1_186' title='bbox 1193 2862 1234 2871; x_wconf 93' lang='lat'><em>-</em></span> 
     </span>
     <span class='ocr_line' id='line_1_23' title="bbox 194 2927 1235 3016; baseline 0 -22"><span class='ocrx_word' id='word_1_187' title='bbox 194 2929 381 2996; x_wconf 81' lang='lat' dir='ltr'>Graecorum</span> <span class='ocrx_word' id='word_1_188' title='bbox 403 2927 622 2992; x_wconf 83' lang='lat' dir='ltr'>vocabulorum</span> <span class='ocrx_word' id='word_1_189' title='bbox 645 2951 715 3007; x_wconf 80' lang='grc' dir='ltr'>τιω,</span> <span class='ocrx_word' id='word_1_190' title='bbox 740 2951 970 3008; x_wconf 80' lang='grc' dir='ltr'>τι-μα-ω,</span> <span class='ocrx_word' id='word_1_191' title='bbox 993 2953 1235 3016; x_wconf 80' lang='grc' dir='ltr'><em>τι-μη-μα</em></span> 
     </span>
     <span class='ocr_line' id='line_1_24' title="bbox 192 3034 1231 3120; baseline 0.002 -20"><span class='ocrx_word' id='word_1_192' title='bbox 192 3037 276 3102; x_wconf 90' lang='lat' dir='ltr'>recte</span> <span class='ocrx_word' id='word_1_193' title='bbox 323 3035 480 3117; x_wconf 88' lang='lat' dir='ltr'>comparet</span> <span class='ocrx_word' id='word_1_194' title='bbox 521 3054 591 3098; x_wconf 92' lang='lat' dir='ltr'>cum</span> <span class='ocrx_word' id='word_1_195' title='bbox 637 3034 810 3099; x_wconf 86' lang='lat' dir='ltr'>Sanscritae</span> <span class='ocrx_word' id='word_1_196' title='bbox 851 3036 974 3120; x_wconf 90' lang='lat' dir='ltr'>linguae</span> <span class='ocrx_word' id='word_1_197' title='bbox 1020 3037 1114 3120; x_wconf 89' lang='lat' dir='ltr'>stirpe</span> <span class='ocrx_word' id='word_1_198' title='bbox 1139 3039 1231 3118; x_wconf 84' lang='lat' dir='ltr'>ci-‚</span> 
     </span>
     <span class='ocr_line' id='line_1_25' title="bbox 192 3143 1234 3230; baseline 0.003 -22"><span class='ocrx_word' id='word_1_199' title='bbox 192 3145 338 3226; x_wconf 87' lang='lat' dir='ltr'>quoniam</span> <span class='ocrx_word' id='word_1_200' title='bbox 368 3161 535 3208; x_wconf 89' lang='lat' dir='ltr'>consonans</span> <span class='ocrx_word' id='word_1_201' title='bbox 567 3143 818 3227; x_wconf 89' lang='lat' dir='ltr'>Indogermanica</span> <span class='ocrx_word' id='word_1_202' title='bbox 846 3145 894 3208; x_wconf 76' lang='lat' dir='ltr'>K²</span> <span class='ocrx_word' id='word_1_203' title='bbox 922 3145 953 3209; x_wconf 91' lang='lat' dir='ltr'>in</span> <span class='ocrx_word' id='word_1_204' title='bbox 983 3145 1093 3230; x_wconf 89' lang='lat' dir='ltr'>lingua</span> <span class='ocrx_word' id='word_1_205' title='bbox 1123 3147 1234 3212; x_wconf 88' lang='lat' dir='ltr'>Latina</span> 
     </span>
     <span class='ocr_line' id='line_1_26' title="bbox 125 3250 1231 3333; baseline 0.005 -21"><span class='ocrx_word' id='word_1_206' title='bbox 125 3309 128 3312; x_wconf 87' lang='lat'>.</span> <span class='ocrx_word' id='word_1_207' title='bbox 191 3270 348 3333; x_wconf 91' lang='lat' dir='ltr'>nunquam</span> <span class='ocrx_word' id='word_1_208' title='bbox 370 3250 401 3314; x_wconf 92' lang='lat' dir='ltr'>in</span> <span class='ocrx_word' id='word_1_209' title='bbox 431 3252 646 3315; x_wconf 89' lang='lat' dir='ltr'>consonantem</span> <span class='ocrx_word' id='word_1_210' title='bbox 677 3251 822 3315; x_wconf 88' lang='lat' dir='ltr'>labialem</span> <span class='ocrx_word' id='word_1_211' title='bbox 853 3253 903 3315; x_wconf 85' lang='lat' dir='ltr'>vel</span> <span class='ocrx_word' id='word_1_212' title='bbox 934 3252 1231 3333; x_wconf 82' lang='lat' dir='ltr'>dentalemtransit</span> 
     </span>
     <span class='ocr_line' id='line_1_27' title="bbox 195 3356 1231 3443; baseline 0.001 -18"><span class='ocrx_word' id='word_1_213' title='bbox 195 3360 249 3425; x_wconf 91' lang='lat' dir='ltr'>sed</span> <span class='ocrx_word' id='word_1_214' title='bbox 269 3361 421 3436; x_wconf 63' lang='lat' dir='ltr'>servatum</span> <span class='ocrx_word' id='word_1_215' title='bbox 444 3356 597 3427; x_wconf 83' lang='lat' dir='ltr'>Corssenii</span> <span class='ocrx_word' id='word_1_216' title='bbox 622 3359 809 3443; x_wconf 84' lang='lat' dir='ltr'>etymologia</span> <span class='ocrx_word' id='word_1_217' title='bbox 829 3359 913 3424; x_wconf 90' lang='lat' dir='ltr'>recta</span> <span class='ocrx_word' id='word_1_218' title='bbox 935 3379 995 3424; x_wconf 93' lang='lat' dir='ltr'>non</span> <span class='ocrx_word' id='word_1_219' title='bbox 1030 3362 1085 3439; x_wconf 82' lang='lat' dir='ltr'>est,</span> <span class='ocrx_word' id='word_1_220' title='bbox 1120 3362 1173 3428; x_wconf 91' lang='lat' dir='ltr'>sed</span> <span class='ocrx_word' id='word_1_221' title='bbox 1201 3365 1231 3427; x_wconf 90' lang='lat' dir='ltr'>in</span> 
     </span>
     <span class='ocr_line' id='line_1_28' title="bbox 194 3465 1119 3549; baseline -0.001 -16"><span class='ocrx_word' id='word_1_222' title='bbox 194 3467 358 3533; x_wconf 87' lang='lat' dir='ltr'>aestimare</span> <span class='ocrx_word' id='word_1_223' title='bbox 382 3465 507 3547; x_wconf 91' lang='lat' dir='ltr'>aliquod</span> <span class='ocrx_word' id='word_1_224' title='bbox 527 3465 670 3530; x_wconf 86' lang='lat' dir='ltr'>suffixum</span> <span class='ocrx_word' id='word_1_225' title='bbox 694 3467 790 3531; x_wconf 87' lang='lat' dir='ltr'>latere</span> <span class='ocrx_word' id='word_1_226' title='bbox 811 3486 988 3549; x_wconf 89' lang='lat' dir='ltr'>persuasum</span> <span class='ocrx_word' id='word_1_227' title='bbox 1012 3468 1119 3533; x_wconf 91' lang='lat' dir='ltr'>habeo.</span> 
     </span>
    </p>

    <p class='ocr_par' dir='ltr' id='par_1_6' title="bbox 280 3574 797 3639">
     <span class='ocr_line' id='line_1_29' title="bbox 280 3574 797 3639; baseline 0.002 -2"><span class='ocrx_word' id='word_1_228' title='bbox 280 3574 401 3638; x_wconf 89' lang='lat' dir='ltr'>Pariter</span> <span class='ocrx_word' id='word_1_229' title='bbox 424 3575 505 3638; x_wconf 91' lang='lat' dir='ltr'>certe</span> <span class='ocrx_word' id='word_1_230' title='bbox 530 3576 612 3639; x_wconf 92' lang='lat' dir='ltr'>reote</span> <span class='ocrx_word' id='word_1_231' title='bbox 636 3594 667 3638; x_wconf 91' lang='lat' dir='ltr'>se</span> <span class='ocrx_word' id='word_1_232' title='bbox 690 3575 797 3638; x_wconf 87' lang='lat' dir='ltr'>habet:</span> 
     </span>
    </p>

    <p class='ocr_par' dir='ltr' id='par_1_7' title="bbox 191 3681 1231 3982">
     <span class='ocr_line' id='line_1_30' title="bbox 280 3681 1229 3750; baseline 0.004 -4"><span class='ocrx_word' id='word_1_233' title='bbox 280 3683 460 3747; x_wconf 89' lang='lat' dir='ltr'>lacruma</span> <span class='ocrx_word' id='word_1_234' title='bbox 491 3681 528 3747; x_wconf 87' lang='lat' dir='ltr'>of.</span> <span class='ocrx_word' id='word_1_235' title='bbox 565 3681 596 3746; x_wconf 83' lang='lat' dir='ltr'>O.</span> <span class='ocrx_word' id='word_1_236' title='bbox 635 3682 664 3747; x_wconf 85' lang='lat' dir='ltr'>J.</span> <span class='ocrx_word' id='word_1_237' title='bbox 691 3683 725 3745; x_wconf 87' lang='lat' dir='ltr'>L.</span> <span class='ocrx_word' id='word_1_238' title='bbox 764 3684 849 3748; x_wconf 87' lang='lat'>1008</span> <span class='ocrx_word' id='word_1_239' title='bbox 886 3685 917 3748; x_wconf 92' lang='lat' dir='ltr'>et</span> <span class='ocrx_word' id='word_1_240' title='bbox 947 3684 1052 3749; x_wconf 86' lang='lat' dir='ltr'>Plauti</span> <span class='ocrx_word' id='word_1_241' title='bbox 1086 3705 1159 3749; x_wconf 88' lang='lat' dir='ltr'>mss.</span> <span class='ocrx_word' id='word_1_242' title='bbox 1192 3687 1229 3750; x_wconf 88' lang='lat' dir='ltr'>cf.</span> 
     </span>
     <span class='ocr_line' id='line_1_31' title="bbox 192 3790 1230 3877; baseline 0.004 -22"><span class='ocrx_word' id='word_1_243' title='bbox 192 3790 323 3857; x_wconf 81' lang='lat' dir='ltr'>Corssen</span> <span class='ocrx_word' id='word_1_244' title='bbox 347 3791 399 3855; x_wconf 69' lang='lat'>12.</span> <span class='ocrx_word' id='word_1_245' title='bbox 425 3793 499 3856; x_wconf 84' lang='lat'>336.</span> <span class='ocrx_word' id='word_1_246' title='bbox 537 3791 667 3855; x_wconf 90' lang='lat' dir='ltr'>Ritsohl.</span> <span class='ocrx_word' id='word_1_247' title='bbox 692 3792 781 3874; x_wconf 88' lang='lat' dir='ltr'>proli.</span> <span class='ocrx_word' id='word_1_248' title='bbox 806 3793 890 3856; x_wconf 82' lang='lat' dir='ltr'>Trin.</span> <span class='ocrx_word' id='word_1_249' title='bbox 915 3794 988 3858; x_wconf 87' lang='lat' dir='ltr'>XIV</span> <span class='ocrx_word' id='word_1_250' title='bbox 1009 3794 1086 3877; x_wconf 86' lang='lat' dir='ltr'>frag.</span> <span class='ocrx_word' id='word_1_251' title='bbox 1111 3797 1163 3873; x_wconf 86' lang='grc'>41,</span> <span class='ocrx_word' id='word_1_252' title='bbox 1191 3797 1230 3859; x_wconf 91' lang='grc'>10</span> 
     </span>
     <span class='ocr_line' id='line_1_32' title="bbox 191 3897 1231 3982; baseline 0.004 -20"><span class='ocrx_word' id='word_1_253' title='bbox 191 3917 237 3980; x_wconf 91' lang='lat' dir='ltr'>ap.</span> <span class='ocrx_word' id='word_1_254' title='bbox 264 3898 343 3964; x_wconf 82' lang='lat' dir='ltr'>Gell.</span> <span class='ocrx_word' id='word_1_255' title='bbox 375 3897 412 3976; x_wconf 84' lang='lat' dir='ltr'>X,</span> <span class='ocrx_word' id='word_1_256' title='bbox 454 3900 483 3975; x_wconf 80' lang='lat'>3,</span> <span class='ocrx_word' id='word_1_257' title='bbox 516 3903 565 3962; x_wconf 82' lang='lat'>17.</span> <span class='ocrx_word' id='word_1_258' title='bbox 607 3918 794 3982; x_wconf 87' lang='lat' dir='ltr'>quamquam</span> <span class='ocrx_word' id='word_1_259' title='bbox 829 3900 924 3965; x_wconf 83' lang='lat' dir='ltr'>Gellii</span> <span class='ocrx_word' id='word_1_260' title='bbox 962 3901 1047 3965; x_wconf 89' lang='lat' dir='ltr'>codd.</span> <span class='ocrx_word' id='word_1_261' title='bbox 1089 3902 1231 3966; x_wconf 89' lang='lat' dir='ltr'>exhibent</span> 
     </span>
    </p>
   </div>
   <div class='ocr_carea' id='block_1_5' title="bbox 100 4006 1228 4094">
    <p class='ocr_par' dir='ltr' id='par_1_8' title="bbox 100 4006 1228 4094">
     <span class='ocr_line' id='line_1_33' title="bbox 100 4006 1228 4094; baseline 0.004 -24"><span class='ocrx_word' id='word_1_262' title='bbox 100 4017 103 4025; x_wconf 85' lang='lat'>&#39;</span> <span class='ocrx_word' id='word_1_263' title='bbox 190 4006 466 4084; x_wconf 84' lang='lat' dir='ltr'>lacrimarum,</span> <span class='ocrx_word' id='word_1_264' title='bbox 490 4008 766 4072; x_wconf 87' lang='lat' dir='ltr'>monumentis</span> <span class='ocrx_word' id='word_1_265' title='bbox 798 4007 857 4094; x_wconf 87' lang='lat' dir='ltr'>frg.</span> <span class='ocrx_word' id='word_1_266' title='bbox 882 4012 932 4088; x_wconf 86' lang='grc'>19,</span> <span class='ocrx_word' id='word_1_267' title='bbox 964 4012 1013 4087; x_wconf 83' lang='grc'>18,</span> <span class='ocrx_word' id='word_1_268' title='bbox 1049 4029 1118 4073; x_wconf 89' lang='lat' dir='ltr'>oum</span> <span class='ocrx_word' id='word_1_269' title='bbox 1142 4011 1228 4089; x_wconf 87' lang='grc'>33,8</span> 
     </span>
    </p>
   </div>
   <div class='ocr_carea' id='block_1_6' title="bbox 189 4114 586 4180">
    <p class='ocr_par' dir='ltr' id='par_1_9' title="bbox 189 4114 586 4180">
     <span class='ocr_line' id='line_1_34' title="bbox 189 4114 586 4180; baseline 0 -2"><span class='ocrx_word' id='word_1_270' title='bbox 189 4114 377 4180; x_wconf 88' lang='lat' dir='ltr'>monimenta</span> <span class='ocrx_word' id='word_1_271' title='bbox 400 4114 586 4179; x_wconf 84' lang='lat' dir='ltr'>exhibeatur.</span> 
     </span>
    </p>
   </div>
   <div class='ocr_carea' id='block_1_7' title="bbox 0 0 1514 4716">
    <p class='ocr_par' dir='ltr' id='par_1_10' title="bbox 0 0 1514 4716">
     <span class='ocr_line' id='line_1_35' title="bbox 0 0 1514 4716; baseline 0 3"><span class='ocrx_word' id='word_1_272' title='bbox 0 0 1514 4716; x_wconf 95' lang='lat' dir='ltr'> </span> 
     </span>
    </p>
   </div>
  </div>
 </body>
</html>
