2972 4710
572 422 790 486 ...99-

162 612 214 689 18,
250 611 305 676 ubi
339 630 462 693 semper
482 612 567 676 artat
597 613 808 694 imperativus.
871 611 978 678 Celare
1011 615 1090 691 nolo,
1128 615 1206 678 mihi

159 719 251 784 valde
274 720 451 801 suspectum
475 720 583 799 videri,
611 720 692 803 quod
717 721 748 784 in
770 721 858 785 initio
884 721 993 803 capitis
1012 725 1053 786 14
1084 725 1206 804 oportet

158 827 357 892 coniunctum
382 827 430 891 est
452 847 522 892 oum
545 828 747 905 coniunctivo,
772 847 842 892 cum
863 828 897 892 in
919 829 1017 911 capite
1044 829 1097 906 Vl,
1123 829 1205 910 quod

159 937 245 999 certe
267 932 393 999 Catonis
415 935 470 1012 est,
495 953 616 1018 semper
637 936 844 1001 accusativum
867 955 937 1000 cum
960 936 1109 1001 infinitivo
1146 937 1205 1000 sibi
1284 935 1285 940 ’

158 1041 320 1126 adiungat.
1227 1025 1230 1030 ¹

252 1147 312 1214 Sed
332 1149 366 1213 in
400 1150 499 1232 capite
528 1151 587 1214 XX
627 1152 721 1216 verba
758 1169 805 1228 ,6ο
841 1151 1008 1232 plumbum
1049 1150 1204 1215 effundere

160 1257 279 1333 caveat,
296 1256 328 1320 ni
342 1256 428 1322 labet
443 1256 626 1337 columella‘,
642 1276 719 1338 quae
735 1258 834 1341 primo
853 1258 962 1322 obtutu
978 1259 1204 1341 interpolatoris

159 1383 229 1430 esso
253 1363 403 1444 videntur,
425 1384 494 1430 mea
516 1365 667 1431 sententia
691 1366 782 1430 aliter
801 1366 1014 1431 constituenda
1032 1367 1112 1431 sunt.
1160 1366 1203 1430 Ut

76 1551 79 1558 .
158 1491 245 1537 nunc
267 1492 299 1538 se
322 1472 447 1551 habent,
489 1491 579 1538 sensu
604 1475 715 1552 carent,
754 1493 825 1538 nam
859 1492 918 1556 quo
951 1475 1042 1539 modo
1077 1475 1203 1556 plumbo
1340 1529 1342 1535 .

161 1580 346 1646 effundendo
377 1580 535 1659 efficiatur,
576 1581 612 1644 ut
638 1581 725 1645 labet
764 1581 929 1646 columella
965 1582 1107 1662 equidem
1142 1600 1205 1645 non

161 1685 321 1773 intellego,
367 1688 461 1753 immo
506 1689 667 1770 plumbum
702 1688 926 1767 effundebatur,
969 1709 1006 1754 no
1041 1689 1206 1754 columella

162 1795 293 1859 labaret.
343 1793 443 1874 Quare
467 1795 511 1859 sic
537 1796 702 1880 legendum
733 1815 800 1861 esse
822 1815 947 1861 censeo:
984 1816 1019 1861 eo
1042 1796 1205 1878 plumbum

163 1901 321 1967 effundite.
342 1902 457 1980 caveto,
481 1901 513 1967 ni
525 1903 610 1967 labet
627 1902 813 1980 columella,
840 1903 885 1967 ita
901 1904 937 1965 ut
955 1904 987 1967 ni
1000 1903 1042 1967 sit
1053 1903 1206 1968 vetustior

161 2009 261 2075 forma
281 2009 450 2092 particulae
474 2029 522 2088 ne,
558 2010 596 2074 de
632 2029 693 2090 qua
717 2028 811 2092 supra
850 2011 946 2074 verba
976 2010 1113 2074 fecimus.
1160 2011 1205 2073 Ea

162 2118 281 2194 contra,
305 2135 382 2197 quae
403 2117 434 2180 in
451 2119 584 2182 extremo
598 2118 698 2200 capite
712 2118 826 2195 entant,
843 2117 963 2181 labeam
979 2155 1020 2163 —
1035 2137 1071 2182 ne
1085 2117 1218 2195 cadant,-

161 2219 392 2305 intevpolatoris
428 2224 672 2289 additamentum
701 2243 768 2290 esse
803 2223 879 2288 mihi
913 2224 1063 2302 videntur,
1105 2242 1204 2304 neque

163 2332 246 2396 enim
270 2333 317 2396 est
346 2332 539 2408 vocabulum,
578 2332 616 2396 ad
651 2332 732 2411 quod
769 2330 861 2395 tertia
892 2351 1021 2413 persona
1043 2332 1137 2396 faciat
1173 2335 1206 2395 et

163 2440 242 2524 figat
264 2440 423 2504 referatur.
862 2435 865 2442 ’

127 2605 129 2610 .
255 2549 370 2625 Inois,
403 2566 480 2628 quae
503 2547 603 2612 adhuc
626 2547 894 2623 consideravimus,
935 2546 1087 2627 capitibus
1122 2546 1205 2610 idem

165 2656 215 2720 cat
239 2655 387 2720 sermonis
407 2655 506 2731 color;
531 2673 651 2736 semper
681 2655 850 2736 usurpatur
880 2654 1082 2735 imperativus
1108 2652 1206 2717 futuri
1300 2722 1303 2729 ,

164 2764 217 2828 vel
239 2762 368 2828 verbum
394 2761 522 2845 oportet.
570 2749 655 2826 Idem
680 2760 841 2826 dicendum
876 2761 925 2825 est
960 2759 996 2824 de
1032 2761 1131 2843 capite
1162 2763 1202 2824 21
1249 2839 1251 2845 Ι

165 2872 198 2934 et
224 2870 275 2948 22,
312 2870 403 2953 caput
437 2871 479 2934 23
522 2869 570 2934 his
601 2867 716 2953 regulis
756 2886 817 2933 non
864 2867 1039 2949 respondet.
1086 2868 1205 2931 Notan-

166 2977 224 3041 dus
260 2978 308 3042 est
344 2976 455 3040 titulus
481 2975 541 3054 ,fae
572 2974 611 3040 ad
634 2976 823 3040 vindemiam
848 2994 926 3056 quae
960 2993 1036 3056 opus
1067 2975 1139 3038 sunt
1172 2975 1207 3037 nt

167 3085 340 3168 parentur,
375 3081 501 3148 notandi
531 3083 604 3146 sunt
628 3083 815 3148 coniunctivi
856 3100 941 3159 ,vasa
967 3082 1118 3148 laventur‘
1145 3085 1204 3146 cet.

165 3211 236 3256 eum
261 3191 418 3284 exspectes
459 3209 545 3268 ,vasa
582 3191 689 3256 lavitc‘
727 3190 776 3254 val
812 3208 906 3267 „vasa
929 3190 1025 3254 lavari
1051 3190 1204 3271 oportet“.

166 3299 267 3379 Quare
290 3300 321 3364 in
345 3298 444 3381 capite
468 3299 521 3375 23,
551 3299 578 3362 si
609 3298 733 3380 quidem
756 3298 971 3381 argumentum
993 3296 1118 3362 Catonis
1149 3298 1205 3375 est,

166 3409 263 3473 verba
297 3408 419 3471 mutata
452 3425 518 3471 esse
556 3406 707 3471 videntur.
760 3403 846 3469 Idem
886 3405 1048 3470 dicendum
1087 3407 1134 3469 est
1170 3403 1207 3468 de

164 3515 265 3606 capite
290 3516 332 3579 25
358 3515 390 3578 et
411 3516 471 3578 26:
507 3513 586 3592 vide,
623 3513 755 3596 quaein
782 3513 829 3576 his
852 3513 1005 3595 capitibus
1027 3513 1203 3594 imperativi

168 3622 238 3687 loco
272 3621 375 3704 posita
411 3621 486 3685 sint:
535 3620 629 3685 facito
668 3620 715 3684 uti
759 3622 905 3697 servetur,
945 3619 1037 3684 facito
1072 3619 1206 3697 studeas,

164 3730 271 3794 iubeto
318 3727 422 3804 oblini,
464 3728 569 3793 iubeto
614 3746 668 3792 suo
713 3726 865 3809 quidquid
909 3727 977 3791 loco
1021 3725 1118 3804 condi,
1159 3725 1225 3790 fac.

170 3836 393 3920 extergeantur,
439 3834 532 3899 facito
575 3835 698 3898 habeas.
769 3835 935 3915 Nunquam
976 3834 1007 3897 in
1054 3833 1207 3915 prioribus

165 3943 232 4008 tem
267 3943 416 4008 dissolute
450 3960 505 4024 pro
539 3941 721 4023 imperativo
765 3941 915 4006 vocabula
945 3940 1079 4004 maxime
1123 3931 1208 4004 varia

163 4051 268 4134 posita
303 4049 375 4114 sunt
412 4067 468 4114 nec
494 4049 612 4127 dubito,
654 4049 727 4130 quin
761 4049 836 4114 haec
872 4048 1005 4114 varietas
1036 4065 1208 4111 accommo-

1109 4168 1140 4220 7*
