2972 4710
752 457 1000 520 ..90-,

344 660 452 707 curem
475 641 650 708 adbibuerit
673 643 803 708 orationi
827 643 1017 710 exornandae
1040 645 1205 711 verborum
1221 646 1382 712 tralatione

345 753 437 829 atque
460 753 497 814 ut
527 750 651 833 propria
682 752 784 815 essent
822 751 972 816 vocabula
1006 771 1132 835 remque
1166 754 1297 818 maxime
1335 773 1383 818 er-

344 856 517 939 planarent‚
544 876 650 922 verum
675 877 712 922 ne
737 857 947 924 desiderentur
971 859 1096 940 quidem
1114 879 1223 926 vocum
1240 879 1384 926 numerus

346 963 471 1047 quidam
496 969 528 1029 61
551 963 666 1029 ordinis
702 966 843 1043 mutatio,
877 966 1019 1031 concedit
1055 986 1126 1032 vero
1163 968 1384 1034 sententiarum

345 1071 532 1136 structuram
553 1071 660 1137 rudem
682 1073 713 1136 et
736 1073 925 1155 incomptam
949 1093 1026 1138 esse.

433 1178 480 1242 Ac
503 1178 637 1260 primurn
672 1179 798 1259 quidem
822 1180 991 1245 orationem
1021 1185 1052 1245 16
1088 1181 1169 1267 frgg.
1195 1183 1294 1247 multo
1324 1183 1385 1247 ele-

345 1286 516 1372 gautiorem
539 1287 570 1350 et
600 1286 774 1368 politiorem
798 1287 927 1352 inveniri
950 1307 1042 1370 quam
1065 1289 1096 1353 16
1125 1290 1204 1354 libro
1236 1290 1272 1354 de
1304 1290 1386 1372 egri-

241 1419 244 1424 ·
347 1393 478 1471 culture,
503 1393 686 1476 praesertim
710 1413 779 1459 cum
798 1394 831 1458 in
854 1395 1008 1460 nonnullis
1024 1397 1194 1478 particulis,
1220 1398 1284 1462 sive
1306 1395 1386 1478 quod

345 1501 476 1584 scriptor
499 1501 674 1566 accusativo
698 1521 768 1566 oum
782 1501 931 1568 infinitivo
966 1504 1065 1568 utitur
1088 1505 1151 1569 sive
1176 1506 1257 1587 quod
1291 1525 1386 1569 enun-

344 1610 491 1674 tiationes
514 1608 663 1674 relativas
689 1610 720 1674 et
742 1609 850 1674 finales
871 1592 1046 1693 1616666611,
1081 1611 1198 1694 aliquid
1223 1613 1264 1677 sit
1288 1614 1386 1678 strue-

349 1721 435 1782 turae
460 1717 620 1782 varietatis
641 1717 692 1799 (cf.
715 1718 824 1782 Dietre
848 1739 879 1800 p,
904 1720 946 1783 30
972 1721 1071 1805 sequ.)
1095 1722 1201 1805 negari
1224 1721 1343 1803 nequit.

435 1825 545 1906 Neque
586 1826 689 1889 tamen
725 1844 760 1889 ex
794 1825 851 1890 hac
891 1825 1099 1909 discrepantia
1142 1828 1247 1912 colligi
1286 1828 1387 1911 potest

347 1933 461 1998 librum
497 1932 533 1997 de
568 1933 756 2018 agricultura
790 1935 992 1998 retractatum
1027 1954 1103 2013 6666,
1140 1954 1210 2000 oum
1241 1937 1275 2000 in
1306 1937 1387 2019 frag-

343 2041 456 2106 mentis
495 2060 616 2124 quoque
658 2042 759 2124 capita
797 2041 999 2120 inveniantur,
1036 2061 1113 2124 quae
1150 2043 1181 2106 16
1218 2044 1387 2109 elocutione

327 2171 330 2176 ’
343 2149 432 2230 plane
456 2168 526 2213 cum
547 2148 601 2214 illo
629 2148 822 2213 consentiunt
844 2149 882 2213 cf.
909 2148 966 2232 frg.
992 2152 1092 2228 591.
1127 2153 1179 2228 79,
1194 2155 1223 2214 7.
1254 2151 1292 2216 cf.
1315 2173 1339 2215 r.
1362 2170 1384 2214 r·

344 2259 374 2334 9,
390 2260 419 2320 7.
445 2256 504 2340 frg.
534 2257 652 2334 79,14,
681 2257 811 2321 maxime
836 2276 907 2322 vero
932 2275 967 2321 66
990 2241 1161 2339 praecepta
1188 2278 1264 2341 quae
1288 2280 1318 2342 p.
1345 2261 1384 2324 82

344 2382 429 2445 sequ.
466 2364 670 2429 inveniuntur.
731 2363 861 2429 Omnino
895 2364 984 2429 valde
1015 2364 1178 2429 dolendum
1214 2367 1269 2446 est,
1307 2365 1385 2449 quod

229 2537 231 2542 ,
343 2473 579 2555 praeceptorum
604 2471 643 2536 ad
668 2469 766 2536 filium
788 2491 885 2555 pauca
915 2473 1035 2538 tantum
1070 2472 1244 2556 fragmenta
1279 2494 1383 2556 super-

344 2580 424 2658 sunt,
449 2580 535 2644 cuius
559 2579 630 2644 libri
655 2580 858 2644 elocutionem
882 2580 953 2643 libri
975 2580 1012 2645 de
1044 2579 1235 2664 agricultura
1265 2579 1382 2646 similli-

343 2707 428 2752 mam
452 2688 551 2752 fuisse
573 2707 753 2771 persuasum
777 2688 884 2752 habeo.

385 2873 389 2882 .
437 2794 554 2860 cernue
591 2795 731 2859 66666
770 2797 801 2859 ec
834 2795 1013 2860 Bothuisius
1049 2780 1121 2859 sine
1166 2795 1258 2859 666
1305 2795 1384 2861 recu

240 2917 242 2924 '
358 2903 499 2968 dixerunt
519 2902 610 2986 (quae
635 2901 920 2968 Schoendcerfferus
948 2923 979 2985 p.
1006 2905 1024 2968 3
1051 2902 1087 2966 de
1120 2903 1207 2967 libris
1238 2903 1314 2968 66116
1337 2921 1384 2967 co·

349 3010 463 3093 quendi
486 3011 651 3093 praecepta
681 3011 911 3076 continentibus
950 3010 1035 3089 dixit,
1071 3010 1176 3093 inepta
1211 3010 1290 3088 sunt,
1327 3008 1382 3074 nisi

345 3119 425 3185 forte
450 3118 604 3196 mulieres,
631 3137 708 3200 quae
731 3120 803 3184 11166
827 3121 1020 3185 conscribere
1045 3119 1155 3197 solent,
1180 3119 1296 3184 confert
1316 3137 1381 3183 cum

345 3229 388 3292 M.
426 3228 536 3292 Porcio
571 3225 685 3292 Catone
724 3227 880 3312 Censorio)
917 3231 1048 3293 maxime
1089 3226 1128 3290 ad
1171 3229 1382 3311 argumentum

345 3335 572 3418 respiciendum
616 3355 692 3402 esse.
751 3338 859 3421 Neque
896 3339 978 3402 enim
1013 3334 1094 3418 quod
1128 3336 1161 3399 in
1199 3335 1381 3400 orationibus

345 3446 477 3512 elocutio
499 3449 669 3534 elegantior
695 3449 726 3514 61
748 3447 878 3512 alacrior
900 3447 955 3524 661,
979 3446 1078 3528 premi
1101 3427 1216 3527 potest,
1242 3447 1322 3528 6616,
1350 3445 1381 3508 61

348 3557 521 3639 exemplum
535 3558 669 3636 afferam,
692 3559 722 3621 16
736 3555 914 3640 Thucydide
928 3556 959 3619 61
978 3555 1066 3619 Livio
1084 3558 1116 3618 61
1127 3554 1204 3636 ipsis
1223 3555 1378 3630 orationes

347 3684 424 3748 quae
458 3667 624 3731 narrationi
647 3666 779 3730 insertae
803 3664 883 3741 sunt,
908 3665 939 3727 et
962 3662 1115 3746 elegantia
1149 3662 1248 3726 multo
1272 3663 1380 3726 maiore

348 3776 378 3840 et
400 3774 606 3841 concinnitate
630 3775 782 3856 reliquam
808 3773 965 3854 scriptoris
1001 3769 1198 3852 scriptionem
1232 3769 1377 3851 superant.

347 3883 509 3968 Originum
533 3902 604 3948 vero
627 3883 700 3947 libri
733 3882 803 3945 sunt
840 3881 904 3945 sine
937 3879 1028 3944 dubio
1063 3877 1320 3961 perfectissimum
1354 3875 1380 3940 et

346 3991 610 4074 elegantissimum
660 3990 784 4057 Catonis
830 4009 916 4078 opus,
951 4009 1063 4073 cycnea
1094 3990 1254 4070 tamquam
1290 3985 1377 4051 divini
1455 4067 1456 4082 χ

346 4100 479 4165 bominis
512 4119 570 4164 vox
605 4100 636 4163 ct
673 4099 779 4177 oratio,
820 4118 880 4180 qua
915 4099 945 4161 16
982 4095 1199 4162 conscribenda
1235 4113 1377 4160 summam
