3018 4716
652 475 656 488 .
749 419 972 488 -lO—

345 613 469 698 dempto
501 613 537 680 ut
559 615 710 696 inprime
742 613 875 680 secunda
912 586 1019 696 quinta
1054 614 1259 682 declinatione
1295 617 1391 682 sibilo

346 721 477 786 evaserit
505 722 546 798 ui,
581 721 660 801 quod
697 722 893 787 contractum
928 723 970 787 sit
996 723 1026 786 in
1057 722 1069 786 i
1103 722 1220 806 (opusc.
1241 723 1295 801 iv.
1322 726 1391 788 169

345 829 444 913 sequ.)
491 827 589 908 Quam
614 829 849 911 explicationem
870 829 954 894 rente
978 829 1085 894 reiecit
1099 830 1219 895 Neuius
1241 831 1292 908 1²,
1310 833 1390 907 352,

345 936 399 1016 qui
420 936 496 1000 haec
519 935 712 1001 substantiva
735 937 765 1000 in
790 935 953 1001 secundam
977 935 1213 1001 declinationem
1239 937 1393 1003 transisse

349 1062 403 1108 suo
427 1043 493 1108 11111
517 1043 627 1116 statuit
650 1043 688 1108 cf.
714 1043 805 1108 etiam
831 1041 960 1109 Corssen
982 1043 1021 1121 ΙΙ,
1048 1064 1076 1126 p.
1103 1046 1177 1109 138.

436 1150 601 1215 sonamus
634 1130 726 1227 cesti,
760 1169 820 1231 quo
855 1153 975 1216 veteres
1009 1151 1057 1215 uu
1095 1151 1203 1216 cauas
1237 1171 1305 1218 esse
1339 1153 1391 1217 m.

347 1256 446 1339 Caper
468 1256 684 1339 1110111111,
706 1260 745 1322 17
761 1279 790 1339 p.
811 1259 873 1322 118
893 1259 923 1323 Κ
948 1257 1115 1334 confirmat,
1138 1259 1220 1340 apud
1234 1257 1394 1328 ¹Catonem

345 1366 394 1429 bis
423 1365 576 1430 invenitur
603 1387 627 1429 r.
652 1385 675 1428 r.
703 1369 754 1441 74,
790 1369 844 1450 15.
882 1365 936 1430 sed
966 1365 1095 1445 utroque
1130 1365 1196 1431 loco
1219 1367 1251 1430 in
1285 1367 1393 1431 verbis

347 1472 514 1553 coquito
539 1473 608 1537 sub
631 1473 761 1550 testu,
786 1473 855 1537 aliis
878 1473 954 1537 locis
978 1473 1093 1538 formae
1117 1473 1266 1538 secundae
1291 1473 1392 1538 decli-

347 1580 478 1644 nationis
509 1580 625 1645 testum
664 1575 857 1646 accusativus
889 1601 914 1645 1.
938 1601 962 1644 1.
997 1583 1048 1657 16,
1073 1583 1102 1644 2.
1138 1582 1189 1646 84.
1234 1581 1392 1648 ablativus

347 1688 427 1753 testo
450 1675 552 1764 vel.
579 1691 629 1752 14.

437 1793 565 1859 Constat
598 1795 755 1878 complura
788 1796 911 1860 nomina
946 1795 1069 1877 quintae
1103 1795 1316 1861 declinationis
1356 1797 1392 1860 in

349 1903 453 1966 -ies
477 1903 620 1967 exeuntia
642 1903 673 1966 in
697 1902 850 1967 nonnullis
870 1906 922 1968 aut
942 1903 974 1966 in
998 1903 1139 1968 omnibus
1165 1903 1288 1969 casibus
1312 1903 1392 1968 alias

357 2011 472 2075 formas
488 2010 612 2094 fingere,
639 2027 716 2092 quae
736 2011 866 2092 primam
888 2009 1123 2078 declinationem
1148 2012 1325 2092 sequuntur.
1353 2031 1395 2076 ex

350 2117 462 2197 quibus
480 2136 527 2199 ap.
551 2115 697 2182 Catonem
721 2118 852 2182 maxime
876 2117 1139 2183 commemoranda
1161 2117 1234 2182 sunt
1244 2119 1392 2184 materies

351 2225 382 2289 et
402 2225 525 2289 muries.
548 2215 755 2290 nominativus
767 2225 909 2289 materies
933 2246 957 2289 r.
972 2246 995 2289 r.
1022 2227 1084 2302 6‚3
1110 2225 1266 2308 (materies
1281 2227 1390 2303 Varro,

350 2332 479 2396 materia
503 2332 624 2416 VAR)
640 2333 690 2411 17,
706 2337 723 2397 1
749 2333 880 2415 saepius.
895 2334 946 2411 81,
961 2333 991 2397 2.
1014 2331 1207 2397 accusativus
1228 2333 1390 2398 materiem

353 2441 438 2516 14,3
460 2439 518 2516 bis,
542 2439 643 2522 priore
666 2439 734 2503 loco
760 2440 823 2504 sine
848 2439 1052 2522 discrepantia
1076 2439 1254 2521 scripturae,
1289 2439 1389 2505 altero

351 2546 511 2612 materiam
535 2547 682 2628 praebent
705 2547 813 2611 PAR
836 2567 864 2611 v.
886 2547 968 2612 idem
992 2565 1016 2611 1.
1041 2567 1065 2612 1.
1092 2549 1178 2624 31,2
1201 2546 1261 2611 bis.
1299 2549 1389 2624 37,4
1492 2531 1493 2568 ³

350 2656 407 2733 bis,
439 2654 542 2736 priore
572 2654 639 2719 loco
661 2654 692 2717 in
714 2654 854 2719 omnibus
884 2654 982 2732 codd,
1010 2653 1105 2718 altero
1130 2653 1290 2718 materiem
1314 2654 1343 2718 b.
1359 2675 1387 2719 o.

350 2762 511 2828 materiam
542 2761 612 2825 VA
645 2760 770 2825 matiam
808 2760 874 2824 11.
899 2781 922 2824 r.
962 2761 1034 2825 123.
1072 2762 1145 2837 151,
1168 2764 1197 2824 2.
1234 2760 1389 2827 ablativus

352 2870 599 2946 1111111139,1.
626 2867 917 2932 (1111111111111111
943 2869 993 2946 18,
1009 2870 1037 2932 6.
1071 2867 1224 2932 ablativus
1259 2867 1390 2932 materia

355 2982 407 3055 21,
437 2980 467 3041 5.
508 2975 580 3040 111.
642 2975 857 3040 Nominativus
893 2974 1006 3039 murias
1046 2974 1131 3038 extat
1168 2995 1192 3039 r.
1228 2995 1252 3037 r.
1289 2976 1339 3051 88,
1355 2979 1387 3038 2.
1434 2981 1437 2986 ’

352 3084 489 3170 (praeter
520 3083 600 3146 hunc
630 3082 731 3147 locum
759 3101 820 3146 non
849 3081 907 3145 nisi
944 3101 991 3163 ap.
1026 3082 1099 3145 lab.
1123 3081 1201 3146 Pict.
1235 3101 1282 3163 ap.
1306 3081 1387 3145 Non.

357 3195 432 3270 223,
449 3193 488 3256 lv
513 3211 542 3272 p.
571 3192 676 3255 1581.
701 3192 743 3253 28
769 3190 868 3274 sequ.)
892 3189 1387 3266 1ο11111111111111111111.1.105,
1490 3219 1491 3239 1

353 3304 381 3365 1.
422 3298 614 3364 accusativus
649 3298 785 3363 muriam·
811 3317 835 3361 1.
867 3317 892 3360 1.
926 3298 977 3374 88,
1000 3300 1030 3360 2.
1070 3297 1192 3373 105,1.
1234 3294 1388 3360 ablativus

355 3407 469 3471 duritia
490 3405 548 3490 ing.
563 3408 616 3484 43,
636 3408 664 3484 6,
688 3424 757 3470 cum
781 3403 863 3485 apud
887 3403 962 3467 alios
988 3403 1150 3485 scriptores
1174 3403 1267 3466 etiam
1291 3401 1388 3467 forma
1489 3477 1490 3480 ¹

352 3514 480 3579 durities
500 3513 595 3578 extet.

441 3622 499 3685 His
523 3620 668 3685 nonnulla
702 3617 895 3703 adiungenda
917 3619 988 3682 sunt
1023 3617 1060 3681 de
1085 3635 1195 3701 genere
1216 3612 1384 3694 nominum,

353 3729 434 3812 quod
458 3728 597 3794 Dietuius
619 3746 739 3810 quoque
763 3726 869 3810 tetigit
888 3747 917 3808 p.
945 3728 995 3789 16.
1022 3724 1076 3789 sed
1098 3743 1207 3806 parum
1236 3723 1384 3789 accurate.
1488 3753 1489 3810 p

352 3838 430 3903 Cum
455 3819 536 3902 enim
553 3834 627 3900 Cato
645 3836 674 3899 in
693 3834 901 3916 compluribus
918 3832 1118 3897 substantivis
1134 3831 1166 3895 id
1182 3850 1277 3916 genus
1297 3849 1386 3896 usur·

351 3949 414 4031 pet,
440 3945 521 4027 quod
545 3944 684 4009 omnibus
706 3942 896 4025 temporibus
914 3940 1062 4005 usitatum
1083 3939 1156 4016 1111,
1193 3939 1224 4002 iri
1252 3939 1320 4004 aliis
1351 3957 1385 4002 eo

354 4074 463 4140 genere
489 4054 535 4118 uti
558 4053 689 4131 videtur,
714 4049 794 4132 quod
818 4045 1038 4131 posterioribus
1062 4047 1184 4112 demum
1198 4045 1385 4129 temporibus
1487 4100 1488 4154 p
