3018 4716
719 385 938 450 -40..

315 573 396 638 Item
418 572 517 638 frusta
543 590 671 654 quaeres
704 571 824 638 dativus
859 573 963 652 mihei,
995 574 1081 652 tibei,
1118 575 1205 653 sibei,
1239 576 1358 655 uobeis,

322 681 438 759 vobeis,
462 680 645 758 frustaseic,
670 681 762 758 saino,
785 681 839 760 sei,
862 681 954 759 saiva,
976 681 1063 759 uisci,
1089 683 1204 763 quasei,
1222 683 1360 766 uteique,

317 787 392 852 utei.
440 787 570 852 Praeter
596 787 726 860 formam
758 788 822 853 utei
856 789 906 854 uel
936 808 1015 871 quae
1038 789 1070 852 in
1098 789 1178 854 libro
1208 789 1245 854 do
1273 792 1360 875 agri-

320 896 440 960 cultura
461 913 583 977 semper
606 894 775 974 exhibetur,
795 895 851 974 uti,
875 896 959 961 extat
982 895 1080 960 forma
1102 897 1147 974 ut,
1176 898 1221 962 ita
1241 899 1359 977 tamen,

316 1002 351 1067 ut
375 1002 500 1066 illarum
532 1001 701 1067 formarum
722 1021 867 1068 numerus
893 1004 992 1070 multo
1023 1004 1121 1069 maior
1154 1005 1205 1069 sit.
1252 1005 1360 1088 Atque

320 1127 507 1191 quamquam
531 1108 630 1173 forma
650 1111 692 1176 ut
715 1110 777 1174 iam
797 1109 950 1175 invenitur
979 1111 1010 1174 in
1040 1109 1218 1193 Scipionum
1247 1111 1360 1197 elogiis

319 1219 361 1283 33
388 1218 419 1281 et
443 1218 495 1293 38,
527 1235 658 1298 quorum
682 1217 814 1282 alterum
837 1219 968 1284 sirecte
991 1217 1121 1282 refertur
1150 1217 1189 1283 ad
1220 1217 1361 1284 Africani

316 1324 441 1390 maioris
463 1323 563 1388 filium
588 1323 625 1388 of.
645 1321 677 1388 0.
696 1325 726 1390 J.
753 1326 788 1390 L.
814 1326 829 1389 Ι
852 1347 883 1409 p.
909 1329 949 1392 19
985 1326 1106 1391 circiter
1140 1326 1212 1409 post
1245 1327 1359 1392 annum

317 1433 383 1498 500
395 1459 435 1491 z
454 1432 527 1509 163,
553 1432 684 1496 alterum
698 1433 779 1498 circa
802 1453 912 1499 annum
939 1433 1059 1500 615:
1073 1435 1136 1498 148
1150 1433 1359 1517 conscriptum

321 1540 377 1618 est,
404 1538 603 1604 (101000201
634 1539 715 1604 circa
741 1541 804 1605 100
829 1561 856 1607 a.
881 1539 925 1619 0.,
960 1545 1063 1606 tamen
1097 1541 1199 1605 nescio
1219 1557 1258 1605 ‘an
1281 1539 1361 1606 Oato

321 1647 381 1711 sibi
407 1647 551 1711 constans
577 1646 671 1710 fuerit·
695 1649 726 1711 et
746 1666 867 1730 semper
890 1648 1048 1732 scripserit
1070 1647 1160 1713 utei.
1211 1646 1300 1712 Certe
1324 1667 1363 1712 ex

321 1755 374 1832 eis,
413 1773 490 1836 quae
526 1753 616 1819 modo
651 1753 884 1838 disputavimus,
929 1756 1030 1821 elucet
1062 1755 1095 1818 in
1127 1754 1362 1838 pronominibus

319 1880 440 1944 quoque
461 1861 564 1943 aliquo
588 1862 725 1944 tempore
751 1880 786 1927 er
810 1860 937 1928 Catonis
954 1862 1117 1927 verborum
1139 1861 1244 1926 ordine
1261 1863 1361 1945 scrip-

316 1970 420 2033 turam
447 1968 601 2033 vetustam
625 1969 784 2052 expulsam
815 1988 891 2035 esse.
938 1968 1056 2035 Eadem
1090 1987 1171 2047 vero,
1210 1988 1286 2051 (1000
1322 1969 1361 2035 de

317 2075 397 2141 libro
422 2075 459 2141 da
480 2076 669 2160 agricultura
693 2077 820 2142 dicenda
839 2077 921 2156 sunt,
951 2077 1102 2159 quadrant
1124 2076 1163 2141 ad
1178 2075 1361 2157 fragmenta,

319 2202 397 2266 quae
422 2202 458 2248 ex
481 2183 551 2248 aliis
571 2183 636 2248 eius
663 2184 753 2248 libris
777 2184 858 2268 apud
882 2185 1046 2268 scriptores
1072 2185 1190 2249 veteres
1216 2183 1361 2264 citantur,

318 2289 398 2355 uude
423 2309 500 2372 quae
524 2290 731 2356 concludenda
755 2291 824 2370 sint,
850 2289 930 2356 infra
952 2291 1135 2356 videbimus.

328 2413 330 2418 ’
393 2397 533 2479 Denique
547 2397 699 2481 agendum
711 2398 800 2464 nobis
813 2399 861 2462 est
873 2399 904 2462 in
916 2397 1076 2463 mactanda
1093 2398 1239 2476 exituum,
1255 2397 1308 2480 qui
1321 2398 1363 2462 ad

195 2539 197 2546 ι
320 2503 482 2570 flexionem
498 2505 661 2586 pertinent,
684 2505 802 2570 ratione
819 2505 973 2572 sunbardi
994 2505 1031 2570 de
1044 2505 1266 2586 coniugationis
1286 2523 1361 2570 con-

322 2610 491 2676 suetudine.
528 2612 632 2694 Atque
643 2612 742 2694 primo
757 2611 881 2694 quidem
898 2612 967 2677 loco
983 2630 1188 2695 seponamus,
1203 2631 1281 2694 quae
1295 2613 1362 2677 arte

322 2738 390 2784 cum
405 2719 459 2797 eis,
488 2737 564 2801 (1000
576 2718 667 2783 modo
686 2718 920 2802 disputavimus,
946 2719 1117 2798 cohaerent,
1140 2719 1262 2784 idemne
1279 2719 1363 2802 quod

325 2825 362 2891 de
386 2825 549 2908 permultis
573 2825 784 2892 declinationis
819 2826 924 2892 formis
947 2825 1071 2891 Catonis
1112 2826 1274 2891 (1100010οι
1295 2845 1363 2893 0000

319 2933 463 3011 uidimus,
501 2933 538 2998 (10
563 2933 785 3018 coniugationis
809 2933 916 2998 formis
948 2933 1131 3017 quibusdam
1163 2933 1380 2999 statuendum-

321 3041 371 3107 sit.
420 3040 585 3120 Quaeritur
619 3042 750 3106 maxime
775 3040 813 3104 (10
844 3041 943 3108 000011
966 3042 987 3119 1,
1021 3060 1098 3123 (1000
1130 3041 1256 3124 quartae
1288 3060 1360 3106 con-

320 3147 470 3233 iugationi
490 3149 614 3232 propria
644 3149 701 3226 est,
743 3147 853 3213 deinde
886 3148 923 3215 dc
958 3147 1102 3214 infinitivi
1124 3148 1240 3231 passivi
1276 3149 1360 3213 exitu

321 3291 363 3304 —-
380 3255 417 3334 ri,
443 3255 572 3337 denique
593 3254 630 3320 (10
655 3255 787 3320 exitibus
807 3255 934 3338 primae,
967 3255 1126 3333 secundae,
1150 3255 1260 3320 tertiae
1289 3276 1360 3339 par-

322 3381 412 3429 sonao
443 3362 606 3443 singularis
642 3363 779 3445 parfect'.
827 3363 965 3441 Formae,
1000 3363 1167 3444 inquibus
1197 3363 1313 3428 vocalis
1338 3365 1359 3442 i,

322 3490 399 3553 quaa
421 3471 546 3552 quartae
572 3469 778 3555 coniugationi
797 3470 920 3554 propria
944 3471 1000 3547 est,
1034 3489 1088 3553 par
1112 3470 1140 3534 ei
1163 3471 1278 3553 scripta
1302 3473 1360 3551 est,

324 3580 412 3644 sunt:
449 3577 572 3642 audaire
609 3579 682 3642 198.
710 3578 772 3642 123
804 3577 863 3642 vel.
899 3578 960 3641 122
986 3597 1012 3641 0.
1035 3575 1067 3641 O.
1098 3578 1218 3642 veneire
1247 3580 1360 3656 203,9

322 3687 443 3770 (uenere
463 3685 599 3749 Fiorelli.
622 3685 654 3748 in
675 3684 782 3750 eadem
799 3685 939 3749 columne
959 3683 1098 3766 sequitur
1121 3685 1360 3770 00010000.

323 3795 375 3872 78,
390 3793 501 3876 quibus
515 3792 626 3858 addere
646 3811 706 3857 non
717 3811 880 3875 possumus
893 3792 1006 3856 formas
1026 3791 1169 3858 similiter
1189 3791 1361 3858 derivatas:

321 3903 457 3985 poseiuei
481 3901 514 3966 0.
532 3904 563 3968 J.
577 3903 612 3967 L.
628 3904 702 3967 551.
731 3903 791 3966 132
811 3920 838 3966 a.
853 3898 885 3965 0.
908 3900 1171 3984 composeiverunt
1197 3903 1269 3966 199.
1283 3920 1311 3966 a.
1325 3900 1360 3966 0.

326 4013 399 4098 117,
425 4029 494 4074 cum
518 4010 549 4082 in
570 4010 618 4075 his
640 4010 747 4080 formis
771 4010 907 4077 vocalem
931 4009 946 4080 i
969 4007 1135 4076 secundum
1159 4027 1225 4076 eam
1249 4009 1362 4096 legem,
