2972 4710
698 420 940 484 -154-

302 627 362 690 qua
392 608 468 673 satis
497 608 677 686 ostenditur,
713 609 788 672 nibil
819 629 854 672 err
883 629 917 673 eo
951 629 1039 692 posse
1073 609 1253 675 confirmari.
1294 611 1335 676 of.

301 715 384 780 Keil.
404 736 433 798 p.
461 719 479 779 Ι
484 718 513 781 5.

396 837 514 905 Colum.
533 841 556 918 1,
583 842 664 918 4,1;
689 841 827 921 sequitur
850 839 991 924 deinceps
1007 837 1230 906 Caesonianum
1245 861 1339 924 prae-

309 948 443 1030 oeptum,
466 966 526 1028 quo
551 947 646 1011 fertur
666 966 739 1011 usus
763 947 857 1011 etiam
881 945 956 1023 Cato
980 948 1111 1026 Marone,
1136 968 1244 1033 agrum
1269 969 1338 1014 esse

302 1053 497 1119 revisendum
515 1053 648 1135 saepius,
673 1073 764 1133 quem
777 1053 854 1118 velis
865 1054 1004 1118 mereari.
1037 1054 1075 1118 ef.
1090 1053 1167 1120 Cato
1180 1075 1203 1120 r.
1217 1076 1242 1119 r.
1261 1057 1290 1130 1,
1307 1060 1337 1121 1.

392 1177 510 1242 Colum.
532 1179 556 1254 Ι,
582 1182 613 1255 4,
632 1180 661 1242 8.
708 1178 873 1262 Eleganter
903 1178 998 1259 igitur
1019 1178 1162 1244 aedifioet
1184 1180 1337 1264 agricola:

301 1303 358 1349 neo
378 1285 420 1348 sit
443 1287 545 1349 tamen
568 1284 753 1362 aedificator,
778 1287 868 1365 alque
885 1304 972 1350 areae
988 1286 1097 1368 pedem
1115 1287 1235 1351 tantum
1252 1307 1337 1351 oom-

302 1392 464 1474 pleotatun
501 1392 581 1474 quod
620 1393 664 1456 ait
704 1390 788 1469 Cato,
834 1393 981 1474 quantum
1015 1412 1053 1457 no
1092 1394 1167 1458 villa
1208 1394 1339 1458 fundum

304 1501 432 1581 quaerat
447 1518 522 1564 neve
539 1499 653 1563 fundus
665 1499 782 1563 uillam.
800 1499 837 1563 of.
857 1499 910 1577 ΙΙΙ,
929 1500 957 1563 1.
975 1501 1028 1564 ubi
1044 1500 1164 1565 oodiees
1178 1498 1340 1566 Catoniani

303 1626 389 1685 ‚neue
412 1606 525 1670 fundus
557 1606 674 1671 villam‘
705 1625 763 1671 non
793 1605 916 1682 babent,
949 1626 1049 1689 neque
1077 1601 1180 1673 tamen
1204 1607 1340 1673 dubitari

303 1714 416 1797 potest,
444 1714 516 1795 quin
542 1713 744 1795 supplendum
769 1715 809 1778 sit
832 1712 870 1778 ol.
891 1715 973 1779 Keil.
999 1715 1062 1779 obs.
1089 1716 1156 1779 erit.
1178 1736 1207 1797 p.
1233 1720 1284 1780 75.

394 1836 511 1902 Colum.
537 1839 560 1916 Ι,
585 1840 614 1916 8,
630 1842 659 1903 7.
699 1839 819 1904 villious
851 1839 939 1917 enim,
972 1839 1054 1920 quod
1083 1840 1127 1904 ait
1151 1839 1236 1917 Cato,
1272 1860 1339 1904 am·

304 1945 426 2010 bulator
464 1965 529 2010 esse
563 1965 622 2010 non
660 1945 752 2010 debet
780 1965 838 2010 noo
873 1946 981 2031 egredi.
1013 1947 1168 2025 terminos,
1208 1948 1266 2012 nisi
1306 1949 1341 2011 ut
1474 1979 1475 1998 Ι

304 2053 444 2120 addiscat
465 2052 599 2134 aliquam
618 2053 771 2116 culturam
795 2053 832 2117 of.
857 2073 881 2116 r.
903 2073 927 2117 r.
951 2058 981 2130 5,
996 2055 1025 2118 2.
1065 2054 1166 2118 Etiam
1194 2054 1218 2132 Ι,
1242 2057 1270 2131 8,
1297 2056 1340 2119 20

307 2159 478 2225 Columella
502 2158 627 2223 Catonis
651 2160 742 2241 eaput
765 2162 785 2223 2
816 2161 886 2224 aule
909 2160 1013 2225 oeulos
1035 2161 1179 2226 babuisse
1208 2161 1338 2238 videtur,

306 2287 491 2351 quamquam
511 2286 569 2331 non
593 2267 669 2332 uitat
690 2287 768 2332 eum.

397 2391 516 2456 Colum.
543 2391 581 2469 ΙΙ,
608 2395 637 2469 2,
665 2394 703 2455 6:
748 2391 853 2456 Tertia
877 2392 924 2457 est
946 2393 1026 2456 ratio
1051 2392 1111 2457 looi
1140 2385 1242 2477 rigui„
1266 2393 1339 2474 quia
1473 2411 1474 2424 ¹

307 2501 370 2566 sine
411 2500 551 2581 impensa
586 2498 720 2564 frustum
757 2499 884 2564 reddere
918 2500 1028 2581 potest.
1086 2501 1173 2565 Hane
1209 2501 1338 2582 primam

271 2683 275 2692 .
307 2608 383 2672 Cato
408 2627 474 2672 esse
496 2606 625 2684 dioebat
652 2607 705 2689 qui
727 2607 861 2672 maxima
882 2607 1017 2671 reditum
1043 2608 1201 2690 pratorum
1230 2609 1340 2673 ueteris

307 2714 522 2797 anteponebat.
569 2715 622 2778 ubi
646 2712 818 2779 Columella
849 2713 1052 2779 ante'ooulos
1074 2713 1219 2780 habuisse
1254 2715 1339 2780 vide-

305 2824 356 2886 tur
378 2841 442 2905 cap.
469 2825 498 2887 3.

396 2946 567 3011 Columella
595 2945 641 3023 ΙΙ,·
668 2947 718 3024 16,
746 2949 783 3012 2:
822 2947 864 3010 M.
901 2945 1024 3028 quidem
1058 2946 1186 3012 Poroius
1219 2948 1249 3011 et
1283 2947 1341 3012 illa
1472 3025 1473 3044 χ

307 3055 421 3141 (prata)
466 3055 728 3132 commemoravit,
778 3054 858 3137 quod
900 3059 958 3119 neo
991 3055 1229 3137 tempestatibus
1261 3051 1340 3119 affii—
1472 3059 1473 3090 Ι

308 3149 460 3249 gerentur,
494 3165 530 3228 ut
552 3164 629 3228 aliae
653 3164 756 3246 partes
776 3164 865 3241 ruris,
890 3162 1069 3244 minimique
1094 3163 1214 3228 sumtus
1238 3182 1339 3246 egens,

307 3292 361 3355 per
389 3291 492 3337 ornnes
516 3290 609 3338 annos
633 3271 793 3354 praeberet
815 3271 946 3335 reditum
962 3289 1060 3353 neque
1074 3290 1143 3336 eum
1160 3273 1338 3357 simplicem,

239 3419 242 3424 -
307 3400 377 3446 oum
402 3381 495 3446 etiam
518 3380 631 3464 pabulo
662 3399 724 3444 non
754 3379 856 3443 minus
877 3377 1019 3443 redderet
1054 3399 1146 3461 quarn
1182 3381 1212 3444 in
1243 3381 1339 3446 foeno.

396 3508 443 3572 De
468 3507 563 3588 pratis
588 3505 664 3569 dicit
688 3502 763 3569 Cato
784 3504 814 3568 in
838 3523 903 3586 oap.
928 3503 981 3581 ΙΙΙ,
1015 3503 1070 3568 sed
1099 3523 1134 3568 ex
1158 3505 1202 3570 eis
1231 3507 1340 3585 nausis,

308 3633 389 3697 quas
413 3613 583 3680 Columella
604 3615 691 3681 affert
720 3611 758 3681 ad
787 3613 875 3694 prata
910 3611 1158 3690 commendanda,
1194 3613 1279 3678 nulla
1310 3614 1342 3677 in

307 3723 362 3788 illo
387 3724 485 3808 eapite
521 3703 682 3789 inuenitur.
731 3724 833 3804 Quare
869 3725 925 3787 aut
956 3721 1118 3786 dicendum
1156 3724 1212 3798 est,
1249 3720 1341 3786 Colu-

308 3832 433 3898 mellam
455 3832 512 3897 has
536 3851 642 3898 oaueas
666 3832 703 3897 de
728 3851 782 3896 suo
807 3830 961 3896 addidisse
985 3847 1106 3910 easque,
1131 3829 1166 3892 ut
1190 3829 1254 3913 egit
1277 3847 1342 3892 rem

308 3960 395 4006 suam
418 3961 538 4006 summa
571 3939 774 4025 neglegentia,
812 3936 921 4002 Catoni
956 3936 1126 4002 vindicasse
1161 3919 1224 4000 aut'
1246 3934 1338 4001 Colu-

308 4049 434 4114 mellam
453 4050 483 4112 in
507 4049 561 4114 illo
597 4048 696 4129 eapite
716 4048 806 4131 plura
839 4045 990 4110 inuenisse
1027 4063 1118 4125 quam
1151 4062 1206 4108 nos
1240 4042 1340 4108 hodie.
