2972 4710
669 385 915 450 -140-

265 572 555 655 interpolationibus
580 579 754 658 erigeretur
770 577 802 638 et
826 567 926 638 sermo
943 575 1080 638 limatior
1101 574 1133 640 et
1147 574 1212 640 illis
1226 575 1302 640 tem·

265 678 392 760 poribus
415 679 674 746 accommodatior
697 680 794 744 fieret.

353 785 419 849 Has
456 785 532 850 duas
565 785 639 850 libri
673 785 710 851 de
740 806 805 868 agr.
838 786 952 852 formas
982 786 1207 860 contaminatas
1243 807 1304 852 asse

264 890 399 956 efficitur
429 912 465 956 ex
495 893 676 975 repetitione
712 894 849 976 capitum
883 897 921 958 51
964 895 995 957 et
1028 896 1070 957 52
1104 894 1302 976 aliorumque,

264 1016 344 1080 quae
369 1003 479 1080 postea
518 999 697 1076 afferemus3
732 1019 768 1064 ea
804 999 911 1078 forma,
951 1017 1028 1080 quae
1064 1000 1109 1064 ite
1142 1000 1210 1064 orta
1251 1001 1303 1080 est,

263 1104 398 1168 Plinium
439 1123 531 1168 usum
577 1124 643 1170 esse
691 1107 751 1170 iam
801 1107 923 1188 saepius
972 1105 1171 1171 ostendimus.
1241 1108 1305 1186 Hoc

265 1210 404 1293 exemplo
429 1211 527 1276 denuo
551 1212 749 1277 confirmatur
770 1211 848 1277 falso
874 1211 1178 1278 Schoendoerffemm
1209 1213 1305 1278 dicere

264 1336 436 1382 sermonem
455 1318 622 1400 pertotum
644 1319 758 1383 librum
782 1318 913 1384 eundem
939 1337 1015 1397 esse,
1037 1319 1132 1383 immo
1158 1320 1306 1402 explicari

264 1425 394 1507 possunt
429 1425 487 1489 hoc
510 1426 632 1490 tantum
662 1425 753 1490 modo
789 1426 1011 1508 discrepantiae
1036 1427 1193 1504 sermonis,
1231 1446 1305 1510 quae

263 1530 458 1596 intercedunt
478 1533 559 1596 inter·
587 1531 709 1596 diversa
743 1533 815 1596 libri
840 1532 877 1597 de
902 1551 966 1616 agr.
993 1533 1104 1613 capita,
1141 1552 1198 1597 uec
1233 1552 1306 1614 opus

265 1638 321 1715 est,
344 1638 380 1700 ut
403 1657 473 1701 cum
495 1639 609 1716 Kellia
633 1639 764 1717 Dietzio,
790 1639 859 1703 aliis
882 1640 912 1702 in
938 1639 982 1703 eis
1002 1637 1202 1704 offendamus.
1250 1640 1305 1703 His

265 1743 343 1826 ipsis
367 1743 581 1827 discrepentiis
606 1764 698 1828 supra
720 1746 784 1809 iam
812 1745 1023 1810 demonstrare
1040 1746 1208 1828 coepimus
1231 1765 1305 1827 quae

265 1851 369 1932 capita
406 1853 607 1917 recentiorem
654 1852 785 1917 formam
822 1852 990 1930 induerint,
1036 1871 1115 1934 quae
1153 1853 1306 1917 vetustam

265 1958 464 2035 servaverint,
509 1958 592 2040 quod
629 1961 809 2042 priusquam
835 1959 1039 2042 perficiamus,
1079 1958 1256 2024 testimonia
1288 1978 1306 2023 e

263 2065 365 2129 Plinio
395 2065 525 2147 aliisque
558 2066 802 2148 scriptoribusa
837 2065 953 2130 Catone
988 2066 1171 2148 deprompta
1205 2066 1305 2130 absol-

264 2189 382 2236 namus.

355 2277 394 2342 ad
419 2297 484 2360 cap.
512 2281 619 2357 133‚2
642 2278 680 2342 ol.
706 2279 786 2344 Pliu.
808 2280 875 2356 XV,
901 2279 980 2344 122:
1017 2277 1093 2344 Cato
1118 2279 1180 2343 tria
1196 2298 1306 2363 genera

265 2384 359 2467 myrti
380 2384 538 2466 prodidit:
563 2385 692 2469 nigram,
718 2385 887 2464 candidam,
912 2385 1117 2470 coniugulam.

357 2493 437 2555 127:
470 2491 529 2556 duro
553 2492 633 2556 lauri
668 2511 782 2576 genera
807 2491 941 2557 tradidit
960 2491 1046 2571 Cato,
1070 2491 1251 2575 Delphicam
1276 2496 1307 2555 et

265 2595 419 2681 Cypriam.

354 2724 379 2768 r.
404 2724 429 2769 r.
452 2704 641 2771 53zPlin.
666 2705 782 2784 xviii,
810 2707 892 2770 260:
933 2703 1025 2770 Cato:
1062 2704 1175 2784 senum,
1198 2705 1304 2785 inquit,

265 2829 303 2873 ne
323 2829 390 2875 sero
416 2831 510 2876 seces,
536 2812 716 2894 priusquam
747 2830 849 2880 semen
875 2816 1033 2876 maturum
1057 2812 1107 2891 sit,
1132 2814 1244 2877 secato.
1269 2812 1308 2876 ad

265 2918 449 2982 vocabulum
471 2919 594 2982 ocinum
615 2919 652 2982 of.
677 2920 757 2984 Plin.
780 2921 900 2997 XVIII,
929 2921 980 2998 16,
1006 2920 1079 2985 143.
1104 2939 1128 2984 r.
1153 2940 1177 2984 r.
1199 2922 1242 2984 54
1270 2918 1306 2984 de

265 3023 373 3088 froude
394 3024 493 3089 bobus
517 3024 617 3088 danda
639 3025 701 3089 iem
724 3027 816 3091 antea
832 3025 951 3090 dictum
967 3027 1023 3104 est,
1050 3026 1087 3090 de
1104 3027 1189 3091 ocino
1206 3026 1305 3092 modo.

356 3150 380 3193 r.
398 3150 422 3196 r.
438 3133 479 3194 55
504 3131 586 3214 apud
599 3132 737 3202 Plinium
761 3152 820 3197 nou
844 3133 958 3197 citatur
975 3136 1007 3197 et
1030 3133 1232 3216 suspiciosum
1250 3135 1304 3198 est.

354 3257 378 3299 r.
403 3257 428 3300 r.
452 3240 494 3300 56
520 3262 560 3289 z
582 3238 664 3303 Plin.
692 3239 760 3318 XV,
799 3242 850 3317 18,
889 3241 947 3304 82:
983 3240 1092 3322 utpote
1127 3259 1197 3304 cum
1232 3238 1306 3304 Ceto

266 3342 383 3408 cibaria
411 3344 490 3408 ruris
530 3347 677 3427 operariis
716 3347 802 3410 iusta
838 3365 894 3410 ceu
930 3347 1000 3432 lego
1041 3345 1181 3412 sanciens
1211 3347 1307 3410 minui

266 3454 372 3519 iubeat
395 3474 450 3537 per
471 3453 522 3518 fici
544 3455 767 3519 maturitatem.
877 3452 880 3460 ’

355 3582 380 3625 r.
405 3581 430 3626 r.
458 3561 651 3639 57=XIV‚
678 3564 728 3640 10,
744 3563 786 3626 86
810 3561 847 3626 cf.
873 3561 921 3626 ad.
946 3582 969 3626 r.
993 3583 1018 3624 u.
1041 3564 1094 3626 25.

357 3690 381 3734 r.
407 3690 431 3733 r.
458 3670 498 3734 61
512 3669 645 3734 :le
668 3670 783 3747 livill,
812 3672 956 3747 19,174.
977 3669 1076 3748 XVII,
1097 3671 1169 3732 126.
1192 3668 1306 3747 XVIlI,

269 3778 354 3841 174:
379 3779 413 3841 ln
437 3776 550 3841 arando
573 3796 758 3859 magnopere
791 3777 975 3841 servandum
1011 3777 1059 3842 est
1081 3774 1207 3841 Catonis
1240 3794 1308 3840 ora-

266 3884 388 3948 culum:
424 3883 498 3966 quid
532 3888 581 3948 est
603 3883 680 3948 bene
704 3903 812 3965 agrum
835 3885 956 3949 colere?
995 3883 1072 3948 bene
1092 3901 1188 3948 arere.
1235 3881 1309 3963 quid

268 3991 457 4061 secuudum?
490 4011 586 4056 arare.
622 3990 696 4082 quid
720 3991 869 4056 tertium?
911 3991 1088 4056 stercorare.
1114 3990 1200 4054 sulco
1225 3988 1307 4062 vario
