2972 4710
676 414 829 531 ss-n'r
877 506 917 514 -

290 656 419 737 partem,
442 674 519 737 quae
542 675 575 719 ro
597 675 668 720 vera
689 657 887 722 inveniuntur
910 679 933 722 r.
948 679 971 722 r.
998 659 1021 736 Ι,
1048 662 1076 736 2,
1108 660 1223 742 pariter
1248 677 1285 726 ac
1314 665 1344 743 Ι,

293 765 356 840 7,9
382 761 464 844 apud
487 761 553 827 Cat.
578 783 602 827 r.
625 784 649 827 r.
674 765 698 842 I,
724 767 753 828 6.

381 868 596 952 Discrepantia
620 873 725 935 contra
745 873 828 936 extat
850 873 986 954 proximo
1011 872 1076 938 Ioco
1100 876 1124 952 Ι,
1151 878 1257 952 18,1;
1282 880 1344 943 De

293 975 410 1040 familia
433 974 510 1041 Cato
534 977 647 1061 derigit
671 978 708 1042 ad
734 978 810 1042 duas
830 981 938 1056 metas,
976 979 1013 1044 ad
1051 983 1167 1046 certum
1200 984 1343 1050 modum

217 1104 219 1112 ¹
291 1085 358 1169 agri
381 1083 414 1148 'et
437 1104 532 1168 genus
557 1085 694 1162 sationis,
721 1086 856 1151 scribens
879 1087 915 1151 de
946 1088 1066 1152 olivetis
1102 1088 1133 1153 et
1167 1090 1265 1156 vincte
1295 1096 1343 1158 ut

289 1192 365 1256 duas
386 1194 549 1259 formulas:
573 1214 673 1271 unam,
688 1195 721 1258 in
739 1213 799 1274 qua
812 1196 969 1278 praecipit,
993 1213 1051 1277 quo
1068 1197 1159 1262 modo
1175 1199 1339 1266 olivetum

288 1304 353 1384 agri
376 1303 482 1385 iugera
500 1301 604 1366 CCXL
627 1303 777 1366 instruere
801 1303 948 1384 oporteat.
996 1302 1082 1367 Dicit
1115 1305 1253 1369 enimin
1290 1327 1337 1373 eo
1381 1353 1388 1363 -

285 1411 376 1475 modo
410 1411 487 1475 haec
525 1410 676 1491 mancipia
705 1410 781 1473 XIII
819 1410 965 1488 habenda,
1007 1410 1144 1490 vilicum,
1189 1412 1334 1494 vilicum,

287 1519 442 1600 operarios
466 1517 676 1594 V‚buou100s
702 1518 756 1595 ΙΙΙ,
782 1518 949 1582 asinarium
972 1519 996 1594 Ι,
1019 1519 1182 1583 subulcum
1206 1521 1226 1597 Ι,
1253 1523 1335 1604 opi-

283 1627 399 1690 lionem
436 1626 459 1689 I.
502 1625 632 1689 alteram
664 1624 827 1689 formulam
864 1626 971 1690 scribit
1006 1625 1042 1689 de
1078 1627 1234 1691 vineamm
1270 1629 1331 1693 iu-

287 1734 412 1818 geribus
435 1732 569 1810 centum,
593 1733 628 1795 ut
654 1731 737 1796 dicat
755 1733 860 1796 haberi
892 1734 1030 1815 oportere
1049 1733 1126 1798 haec
1147 1734 1206 1798 XV
1232 1753 1332 1800 man-

288 1842 375 1922 cipia,
394 1841 529 1918 vilicum,
554 1840 685 1917 vilicum,
704 1841 856 1922 operarIos
880 1840 917 1918 Χ,
944 1841 1119 1920 bubulcum,
1144 1843 1328 1922 asinarium,

283 1950 468 2014 subulcum‘.
504 1950 539 2014 In
564 1947 678 2013 catone
700 1950 779 2013 alter
802 1949 887 2013 Iocus
907 1968 975 2013 cum
996 1951 1132 2013 Varrone
1156 1951 1327 2030 consentit,

283 2057 382 2121 altero
431 2057 536 2121 contra
572 2055 683 2120 dicitur
710 2057 816 2121 haberi
855 2058 992 2138 oportere
1030 2056 1104 2120 XVI
1149 2058 1327 2139 manpria:

287 2165 422 2241 uilicum,
447 2164 581 2241 vilicum,
613 2165 766 2246 operarios
790 2164 827 2240 X,
859 2164 1025 2228 bubulcum
1048 2164 1071 2240 Ι,
1105 2164 1269 2229 asinarium
1291 2167 1323 2245 Ι,

282 2271 473 2336 salictarium
496 2273 520 2350 Ι,
548 2272 710 2336 subulcum
728 2273 751 2348 Ι,
777 2290 897 2347 summa
912 2272 1050 2335 homines
1061 2271 1145 2336 XVI.
1170 2273 1325 2338 VarroniS

282 2381 375 2446 verba
399 2379 560 2444 confirmat
580 2380 698 2444 Nonius
721 2400 751 2462 p.
775 2381 857 2445 501:
892 2380 988 2443 Varro
1017 2378 1092 2442 dicit
1122 2383 1243 2443 centum
1267 2381 1322 2444 iu-

281 2488 406 2573 geribus
431 2487 588 2552 vinearum
610 2506 685 2570 opus
708 2506 773 2552 esse
799 2484 971 2568 quindecim
1000 2486 1161 2569 mancipia.
1208 2487 1320 2566 Neque

278 2598 380 2662 tamen
403 2596 482 2660 hano
520 2595 753 2678 discrepantiam
790 2596 893 2679 magni
919 2595 1067 2659 momenti
1098 2613 1164 2658 esso
1195 2613 1315 2673 conseo,

278 2725 348 2770 nam
374 2702 454 2786 apud
468 2704 636 2768 Varronem
660 2721 758 2767 errore
776 2701 888 2766 excidit
911 2691 1182 2780 salictarium,
1206 2701 1315 2766 deinde

276 2814 350 2878 XVI
373 2814 404 2878 in
428 2814 486 2878 XV
512 2810 667 2875 mutatum
699 2811 754 2875 est.
802 2810 920 2874 Nonius
943 2811 1108 2874 Varronem
1143 2793 1311 2890 exscripsit,

277 2941 346 2987 cum
375 2919 647 2986 salictarium
670 2917 840 2982 excidisset.
887 2917 1048 2982 Proximus
1064 2917 1148 2980 Iocus
1172 2918 1195 2994 Ι,
1221 2917 1311 2995 19,1,

277 3030 329 3110 qui
360 3049 378 3093 a
405 3028 529 3094 Klotzio
565 3027 728 3102 omittitur,
772 3026 836 3108 sine
873 3024 1075 3106 discrepantia
1109 3024 1195 3088 extat
1231 3021 1311 3106 apud

276 3113 424 3201 Catonem
448 3136 486 3213 X,
511 3139 538 3199 1.
561 3134 615 3210 XI,
633 3134 660 3197 1.

364 3242 481 3307 Deinde
504 3241 653 3324 incapite
677 3241 750 3304 XXI
774 3239 853 3321 apud
871 3240 1038 3304 Varronem
1061 3239 1135 3303 haec
1150 3237 1306 3322 leguntur:

275 3348 373 3414 Canes
394 3350 496 3432 potius
526 3368 595 3413 cum
624 3348 774 3432 dignitate
807 3351 840 3411 et
874 3367 958 3412 acres
989 3365 1102 3428 paucos
1136 3344 1307 3410 habendum

279 3476 370 3538 quam
393 3457 518 3534 multos,
543 3475 618 3538 quos
632 3455 837 3520 consuefacias
863 3451 992 3542 [potius]
1018 3458 1111 3518 noctu
1127 3454 1254 3538 vigilare
1277 3453 1306 3515 et

164 3573 166 3578 '
272 3563 406 3628 interdiu
431 3564 550 3630 clausos
575 3563 714 3627 dormire.

319 3677 321 3680 ’
363 3670 454 3754 Apud
489 3669 633 3736 Catonem
665 3672 695 3735 in
732 3671 832 3752 capite
861 3669 1005 3735 CXXIV:
1044 3669 1140 3734 Canes
1174 3667 1305 3733 interdiu

273 3779 396 3844 clausos
429 3799 495 3843 esse
522 3779 650 3861 oportet,
683 3763 720 3842 ut
751 3780 841 3844 noctu
878 3780 1009 3844 acriores
1045 3780 1076 3842 et
1095 3777 1305 3858 vigilantiores
1355 3841 1357 3847 ,

272 3887 343 3964 siut,
383 3905 459 3967 quac
495 3887 589 3951 verba
609 3882 679 3968 quin
704 3887 786 3950 inter
810 3905 842 3951 se
865 3887 1055 3962 cohaereant,
1086 3885 1213 3951 dubium
1241 3901 1305 3948 esse

271 4013 335 4057 non
358 3995 470 4074 potest.
520 3995 616 4073 Atqui
641 3995 781 4059 omnibus
815 3996 900 4071 Iocis,
931 3995 1041 4076 quibus
1067 3995 1162 4059 Varro
1192 3993 1304 4058 Catone

271 4099 379 4177 utitur,
404 4101 702 4178 nomenoiusaddit,
730 4119 823 4181 quare
843 4102 955 4165 mirum
978 4103 1033 4179 est,
1060 4101 1140 4180 quod
1164 4103 1303 4168 hocloco
