<?xml version="1.0" encoding="UTF-8"?>
<!DOCTYPE html PUBLIC "-//W3C//DTD XHTML 1.0 Transitional//EN"
    "http://www.w3.org/TR/xhtml1/DTD/xhtml1-transitional.dtd">
<html xmlns="http://www.w3.org/1999/xhtml" xml:lang="en" lang="en">
 <head>
  <title>
</title>
<meta http-equiv="Content-Type" content="text/html;charset=utf-8" />
  <meta name='ocr-system' content='tesseract 3.04.00' />
  <meta name='ocr-capabilities' content='ocr_page ocr_carea ocr_par ocr_line ocrx_word'/>
</head>
<body>
  <div class='ocr_page' id='page_1' title='image "./quaestionumcato00weisgoog_0120.png"; bbox 0 0 2972 4710; ppageno 0'>
   <div class='ocr_carea' id='block_1_1' title="bbox 541 417 783 481">
    <p class='ocr_par' dir='ltr' id='par_1_1' title="bbox 541 417 783 481">
     <span class='ocr_line' id='line_1_1' title="bbox 541 417 783 481; baseline -0.012 1"><span class='ocrx_word' id='word_1_1' title='bbox 541 417 783 481; x_wconf 87' lang='lat'>—109-</span> 
     </span>
    </p>
   </div>
   <div class='ocr_carea' id='block_1_2' title="bbox 27 587 1256 3710">
    <p class='ocr_par' dir='ltr' id='par_1_2' title="bbox 27 587 1178 1232">
     <span class='ocr_line' id='line_1_2' title="bbox 110 587 1176 674; baseline 0 0"><span class='ocrx_word' id='word_1_2' title='bbox 110 607 239 674; x_wconf 65' lang='lat' dir='ltr'>&#39;Plinio</span> <span class='ocrx_word' id='word_1_3' title='bbox 263 607 435 673; x_wconf 79' lang='lat' dir='ltr'>Columella</span> <span class='ocrx_word' id='word_1_4' title='bbox 459 608 560 674; x_wconf 79' lang='lat' dir='ltr'>Gellio</span> <span class='ocrx_word' id='word_1_5' title='bbox 589 607 805 673; x_wconf 82' lang='lat' dir='ltr'>adiuuantibus</span> <span class='ocrx_word' id='word_1_6' title='bbox 842 587 1052 674; x_wconf 84' lang='lat' dir='ltr'>demonstrare</span> <span class='ocrx_word' id='word_1_7' title='bbox 1085 627 1176 674; x_wconf 88' lang='lat' dir='ltr'>eona-</span> 
     </span>
     <span class='ocr_line' id='line_1_3' title="bbox 27 715 1177 798; baseline 0 -18"><span class='ocrx_word' id='word_1_8' title='bbox 27 743 30 752; x_wconf 51' lang='lat'>*</span> <span class='ocrx_word' id='word_1_9' title='bbox 133 717 202 782; x_wconf 90' lang='lat' dir='ltr'>turi</span> <span class='ocrx_word' id='word_1_10' title='bbox 221 735 335 795; x_wconf 89' lang='lat' dir='ltr'>sumus,</span> <span class='ocrx_word' id='word_1_11' title='bbox 361 735 438 797; x_wconf 88' lang='lat' dir='ltr'>quae</span> <span class='ocrx_word' id='word_1_12' title='bbox 459 716 648 781; x_wconf 86' lang='lat' dir='ltr'>mutationes</span> <span class='ocrx_word' id='word_1_13' title='bbox 668 715 747 780; x_wconf 89' lang='lat' dir='ltr'>inter</span> <span class='ocrx_word' id='word_1_14' title='bbox 768 715 854 780; x_wconf 93' lang='lat' dir='ltr'>illius</span> <span class='ocrx_word' id='word_1_15' title='bbox 885 715 1054 798; x_wconf 90' lang='lat' dir='ltr'>horumque</span> <span class='ocrx_word' id='word_1_16' title='bbox 1087 715 1177 780; x_wconf 88' lang='lat' dir='ltr'>aeta·</span> 
     </span>
     <span class='ocr_line' id='line_1_4' title="bbox 133 823 1176 914; baseline 0 -26"><span class='ocrx_word' id='word_1_17' title='bbox 133 829 202 890; x_wconf 90' lang='lat' dir='ltr'>tem</span> <span class='ocrx_word' id='word_1_18' title='bbox 233 825 449 902; x_wconf 76' lang='lat' dir='ltr'><strong>increbuerint,</strong></span> <span class='ocrx_word' id='word_1_19' title='bbox 487 824 615 904; x_wconf 89' lang='lat' dir='ltr'>denique</span> <span class='ocrx_word' id='word_1_20' title='bbox 651 824 820 904; x_wconf 86' lang='lat' dir='ltr'>videamus,</span> <span class='ocrx_word' id='word_1_21' title='bbox 855 825 960 914; x_wconf 78' lang='lat' dir='ltr'>utrum</span> <span class='ocrx_word' id='word_1_22' title='bbox 994 845 1032 891; x_wconf 92' lang='lat' dir='ltr'>ea</span> <span class='ocrx_word' id='word_1_23' title='bbox 1066 823 1176 902; x_wconf 85' lang='lat' dir='ltr'>forma,</span> 
     </span>
     <span class='ocr_line' id='line_1_5' title="bbox 134 929 1177 1014; baseline 0 -19"><span class='ocrx_word' id='word_1_24' title='bbox 134 951 232 1014; x_wconf 91' lang='lat' dir='ltr'>quam</span> <span class='ocrx_word' id='word_1_25' title='bbox 253 951 308 996; x_wconf 91' lang='lat' dir='ltr'>nos</span> <span class='ocrx_word' id='word_1_26' title='bbox 330 932 487 1008; x_wconf 91' lang='lat' dir='ltr'>habemus,</span> <span class='ocrx_word' id='word_1_27' title='bbox 512 931 614 995; x_wconf 88' lang='lat' dir='ltr'>Plinio</span> <span class='ocrx_word' id='word_1_28' title='bbox 639 929 829 997; x_wconf 81' lang='lat' dir='ltr'>Columellas</span> <span class='ocrx_word' id='word_1_29' title='bbox 849 932 951 998; x_wconf 82' lang='lat' dir='ltr'>Gellio</span> <span class='ocrx_word' id='word_1_30' title='bbox 975 933 1008 998; x_wconf 90' lang='lat' dir='ltr'>in</span> <span class='ocrx_word' id='word_1_31' title='bbox 1031 933 1177 1014; x_wconf 88' lang='lat' dir='ltr'>manibus</span> 
     </span>
     <span class='ocr_line' id='line_1_6' title="bbox 132 1039 1178 1122; baseline 0.004 -20"><span class='ocrx_word' id='word_1_32' title='bbox 132 1039 233 1105; x_wconf 89' lang='lat' dir='ltr'>fuerit</span> <span class='ocrx_word' id='word_1_33' title='bbox 253 1058 290 1104; x_wconf 87' lang='lat' dir='ltr'>an</span> <span class='ocrx_word' id='word_1_34' title='bbox 317 1041 483 1104; x_wconf 78' lang='lat' dir='ltr'>etiamtum</span> <span class='ocrx_word' id='word_1_35' title='bbox 506 1044 578 1122; x_wconf 92' lang='lat' dir='ltr'>post</span> <span class='ocrx_word' id='word_1_36' title='bbox 599 1058 704 1105; x_wconf 87' lang='lat' dir='ltr'>eorum</span> <span class='ocrx_word' id='word_1_37' title='bbox 726 1045 866 1106; x_wconf 89' lang='lat' dir='ltr'>aetatem</span> <span class='ocrx_word' id='word_1_38' title='bbox 887 1040 966 1105; x_wconf 88' lang='lat' dir='ltr'>liber</span> <span class='ocrx_word' id='word_1_39' title='bbox 988 1041 1178 1106; x_wconf 90' lang='lat' dir='ltr'>mutationes</span> 
     </span>
     <span class='ocr_line' id='line_1_7' title="bbox 134 1147 974 1232; baseline 0.002 -21"><span class='ocrx_word' id='word_1_40' title='bbox 134 1147 294 1232; x_wconf 83' lang='lat' dir='ltr'>graviores</span> <span class='ocrx_word' id='word_1_41' title='bbox 318 1151 440 1230; x_wconf 90' lang='lat' dir='ltr'>praeter</span> <span class='ocrx_word' id='word_1_42' title='bbox 460 1147 658 1212; x_wconf 84' lang='lat' dir='ltr'>librariorum</span> <span class='ocrx_word' id='word_1_43' title='bbox 680 1153 812 1230; x_wconf 91' lang='lat' dir='ltr'>peccata</span> <span class='ocrx_word' id='word_1_44' title='bbox 834 1148 974 1213; x_wconf 89' lang='lat' dir='ltr'>subierit.</span> 
     </span>
    </p>

    <p class='ocr_par' dir='ltr' id='par_1_3' title="bbox 133 1255 1256 3710">
     <span class='ocr_line' id='line_1_8' title="bbox 227 1255 1176 1339; baseline 0.001 -21"><span class='ocrx_word' id='word_1_45' title='bbox 227 1255 385 1319; x_wconf 82' lang='lat' dir='ltr'>Nonnulla</span> <span class='ocrx_word' id='word_1_46' title='bbox 405 1255 634 1339; x_wconf 88' lang='lat' dir='ltr'>praemittenda</span> <span class='ocrx_word' id='word_1_47' title='bbox 654 1260 727 1320; x_wconf 89' lang='lat' dir='ltr'>sunt</span> <span class='ocrx_word' id='word_1_48' title='bbox 749 1256 785 1320; x_wconf 92' lang='lat' dir='ltr'>de</span> <span class='ocrx_word' id='word_1_49' title='bbox 803 1275 839 1321; x_wconf 91' lang='lat' dir='ltr'>ea</span> <span class='ocrx_word' id='word_1_50' title='bbox 857 1256 1048 1336; x_wconf 80' lang='lat' dir='ltr'>quaestione,</span> <span class='ocrx_word' id='word_1_51' title='bbox 1071 1259 1176 1322; x_wconf 91' lang='lat' dir='ltr'>utrum</span> 
     </span>
     <span class='ocr_line' id='line_1_9' title="bbox 134 1351 1179 1443; baseline 0.002 -17"><span class='ocrx_word' id='word_1_52' title='bbox 134 1360 264 1426; x_wconf 84' lang='lat' dir='ltr'>Catonis</span> <span class='ocrx_word' id='word_1_53' title='bbox 286 1362 375 1440; x_wconf 91' lang='lat' dir='ltr'>liber,</span> <span class='ocrx_word' id='word_1_54' title='bbox 400 1382 492 1442; x_wconf 90' lang='lat' dir='ltr'>quem</span> <span class='ocrx_word' id='word_1_55' title='bbox 515 1382 572 1428; x_wconf 91' lang='lat' dir='ltr'>nos</span> <span class='ocrx_word' id='word_1_56' title='bbox 592 1351 763 1443; x_wconf 84' lang='lat' dir='ltr'>habemus,</span> <span class='ocrx_word' id='word_1_57' title='bbox 801 1362 842 1428; x_wconf 85' lang='lat' dir='ltr'>ad</span> <span class='ocrx_word' id='word_1_58' title='bbox 873 1363 972 1428; x_wconf 91' lang='lat' dir='ltr'>filium</span> <span class='ocrx_word' id='word_1_59' title='bbox 1011 1363 1102 1428; x_wconf 90' lang='lat' dir='ltr'>datus</span> <span class='ocrx_word' id='word_1_60' title='bbox 1137 1365 1179 1429; x_wconf 90' lang='lat' dir='ltr'>sit</span> 
     </span>
     <span class='ocr_line' id='line_1_10' title="bbox 133 1470 1177 1554; baseline 0 -18"><span class='ocrx_word' id='word_1_61' title='bbox 133 1490 177 1536; x_wconf 92' lang='lat' dir='ltr'>an</span> <span class='ocrx_word' id='word_1_62' title='bbox 200 1470 264 1535; x_wconf 93' lang='lat' dir='ltr'>filio</span> <span class='ocrx_word' id='word_1_63' title='bbox 277 1470 337 1535; x_wconf 89' lang='lat' dir='ltr'>alio</span> <span class='ocrx_word' id='word_1_64' title='bbox 360 1470 428 1535; x_wconf 94' lang='grc'><strong>1666</strong></span> <span class='ocrx_word' id='word_1_65' title='bbox 449 1471 627 1548; x_wconf 90' lang='lat' dir='ltr'>ostenderit,</span> <span class='ocrx_word' id='word_1_66' title='bbox 654 1490 731 1553; x_wconf 90' lang='lat' dir='ltr'>quae</span> <span class='ocrx_word' id='word_1_67' title='bbox 755 1471 891 1536; x_wconf 84' lang='lat' dir='ltr'>maxime</span> <span class='ocrx_word' id='word_1_68' title='bbox 915 1476 1079 1554; x_wconf 87' lang='lat' dir='ltr'>praecepta</span> <span class='ocrx_word' id='word_1_69' title='bbox 1098 1472 1177 1537; x_wconf 90' lang='lat' dir='ltr'>bono</span> 
     </span>
     <span class='ocr_line' id='line_1_11' title="bbox 133 1578 1176 1664; baseline 0 -20"><span class='ocrx_word' id='word_1_70' title='bbox 133 1579 245 1644; x_wconf 91' lang='lat' dir='ltr'>colono</span> <span class='ocrx_word' id='word_1_71' title='bbox 269 1578 462 1644; x_wconf 86' lang='lat' dir='ltr'>observanda</span> <span class='ocrx_word' id='word_1_72' title='bbox 491 1580 602 1644; x_wconf 88' lang='lat' dir='ltr'>essent.</span> <span class='ocrx_word' id='word_1_73' title='bbox 650 1579 771 1644; x_wconf 79' lang='lat' dir='ltr'>Etenim</span> <span class='ocrx_word' id='word_1_74' title='bbox 801 1598 871 1644; x_wconf 90' lang='lat' dir='ltr'>eum</span> <span class='ocrx_word' id='word_1_75' title='bbox 903 1578 986 1644; x_wconf 85' lang='lat' dir='ltr'>Serv.</span> <span class='ocrx_word' id='word_1_76' title='bbox 1012 1579 1053 1644; x_wconf 91' lang='lat' dir='ltr'>ad</span> <span class='ocrx_word' id='word_1_77' title='bbox 1084 1580 1176 1664; x_wconf 91' lang='lat' dir='ltr'>Verg.</span> 
     </span>
     <span class='ocr_line' id='line_1_12' title="bbox 134 1685 1177 1771; baseline -0.001 -18"><span class='ocrx_word' id='word_1_78' title='bbox 134 1686 214 1753; x_wconf 81' lang='lat' dir='ltr'>Geo.</span> <span class='ocrx_word' id='word_1_79' title='bbox 238 1687 279 1765; x_wconf 90' lang='lat' dir='ltr'>ll,</span> <span class='ocrx_word' id='word_1_80' title='bbox 303 1690 368 1751; x_wconf 82' lang='lat'>412</span> <span class='ocrx_word' id='word_1_81' title='bbox 392 1686 494 1752; x_wconf 90' lang='lat' dir='ltr'>dicat:</span> <span class='ocrx_word' id='word_1_82' title='bbox 528 1686 655 1752; x_wconf 88' lang='lat' dir='ltr'>laudato</span> <span class='ocrx_word' id='word_1_83' title='bbox 672 1687 808 1767; x_wconf 88' lang='lat' dir='ltr'>ingentia</span> <span class='ocrx_word' id='word_1_84' title='bbox 829 1707 910 1766; x_wconf 89' lang='lat' dir='ltr'>rura,</span> <span class='ocrx_word' id='word_1_85' title='bbox 936 1685 1050 1771; x_wconf 83' lang='lat' dir='ltr'>exigua</span> <span class='ocrx_word' id='word_1_86' title='bbox 1073 1687 1177 1752; x_wconf 72' lang='grc' dir='ltr'>661116ι</span> 
     </span>
     <span class='ocr_line' id='line_1_13' title="bbox 133 1793 1178 1876; baseline -0.002 -16"><span class='ocrx_word' id='word_1_87' title='bbox 133 1795 196 1860; x_wconf 90' lang='lat' dir='ltr'>hoc</span> <span class='ocrx_word' id='word_1_88' title='bbox 220 1795 315 1860; x_wconf 91' lang='lat' dir='ltr'>etiam</span> <span class='ocrx_word' id='word_1_89' title='bbox 337 1793 415 1860; x_wconf 84' lang='lat' dir='ltr'>Cato</span> <span class='ocrx_word' id='word_1_90' title='bbox 439 1795 487 1859; x_wconf 93' lang='lat' dir='ltr'>ait</span> <span class='ocrx_word' id='word_1_91' title='bbox 509 1795 540 1858; x_wconf 91' lang='lat' dir='ltr'>in</span> <span class='ocrx_word' id='word_1_92' title='bbox 563 1795 651 1858; x_wconf 89' lang='lat' dir='ltr'>libris</span> <span class='ocrx_word' id='word_1_93' title='bbox 684 1794 722 1859; x_wconf 89' lang='lat' dir='ltr'>ad</span> <span class='ocrx_word' id='word_1_94' title='bbox 751 1794 850 1858; x_wconf 90' lang='lat' dir='ltr'>filium</span> <span class='ocrx_word' id='word_1_95' title='bbox 881 1793 918 1858; x_wconf 91' lang='lat' dir='ltr'>de</span> <span class='ocrx_word' id='word_1_96' title='bbox 950 1794 1178 1876; x_wconf 84' lang='lat' dir='ltr'>agricultura“,</span> 
     </span>
     <span class='ocr_line' id='line_1_14' title="bbox 134 1900 1256 1986; baseline -0.004 -17"><span class='ocrx_word' id='word_1_97' title='bbox 134 1903 294 1970; x_wconf 80' lang='lat' dir='ltr'>Gesnerus</span> <span class='ocrx_word' id='word_1_98' title='bbox 317 1901 387 1966; x_wconf 90' lang='lat' dir='ltr'>inde</span> <span class='ocrx_word' id='word_1_99' title='bbox 409 1900 538 1986; x_wconf 78' lang='lat' dir='ltr'>collegit</span> <span class='ocrx_word' id='word_1_100' title='bbox 561 1900 708 1966; x_wconf 84' lang='lat' dir='ltr'>Catonem</span> <span class='ocrx_word' id='word_1_101' title='bbox 732 1901 832 1966; x_wconf 90' lang='lat' dir='ltr'>filium</span> <span class='ocrx_word' id='word_1_102' title='bbox 864 1900 1031 1966; x_wconf 89' lang='lat' dir='ltr'>allocutum</span> <span class='ocrx_word' id='word_1_103' title='bbox 1056 1920 1122 1966; x_wconf 89' lang='lat' dir='ltr'>esse</span> <span class='ocrx_word' id='word_1_104' title='bbox 1148 1901 1180 1966; x_wconf 91' lang='lat' dir='ltr'>et</span> <span class='ocrx_word' id='word_1_105' title='bbox 1253 1975 1256 1982; x_wconf 31' lang='lat'>¹</span> 
     </span>
     <span class='ocr_line' id='line_1_15' title="bbox 134 2008 1179 2095; baseline -0.002 -21"><span class='ocrx_word' id='word_1_106' title='bbox 134 2012 167 2076; x_wconf 90' lang='lat' dir='ltr'>in</span> <span class='ocrx_word' id='word_1_107' title='bbox 205 2011 345 2095; x_wconf 88' lang='lat' dir='ltr'>ingressu</span> <span class='ocrx_word' id='word_1_108' title='bbox 386 2009 459 2073; x_wconf 91' lang='lat' dir='ltr'>libri</span> <span class='ocrx_word' id='word_1_109' title='bbox 500 2013 532 2074; x_wconf 93' lang='lat' dir='ltr'>et</span> <span class='ocrx_word' id='word_1_110' title='bbox 568 2009 600 2072; x_wconf 92' lang='lat' dir='ltr'>in</span> <span class='ocrx_word' id='word_1_111' title='bbox 632 2008 701 2087; x_wconf 88' lang='lat' dir='ltr'>fine,</span> <span class='ocrx_word' id='word_1_112' title='bbox 741 2009 819 2073; x_wconf 89' lang='lat' dir='ltr'>hano</span> <span class='ocrx_word' id='word_1_113' title='bbox 853 2027 924 2074; x_wconf 87' lang='lat' dir='ltr'>vero</span> <span class='ocrx_word' id='word_1_114' title='bbox 962 2009 1179 2074; x_wconf 77' lang='lat' dir='ltr'>allocutionem</span> 
     </span>
     <span class='ocr_line' id='line_1_16' title="bbox 135 2116 1179 2204; baseline -0.001 -21"><span class='ocrx_word' id='word_1_115' title='bbox 135 2117 338 2204; x_wconf 81' lang='lat' dir='ltr'>grammatici</span> <span class='ocrx_word' id='word_1_116' title='bbox 362 2137 468 2192; x_wconf 87' lang='lat' dir='ltr'>manu,</span> <span class='ocrx_word' id='word_1_117' title='bbox 496 2118 549 2200; x_wconf 90' lang='lat' dir='ltr'>qui</span> <span class='ocrx_word' id='word_1_118' title='bbox 573 2116 687 2182; x_wconf 89' lang='lat' dir='ltr'>librum</span> <span class='ocrx_word' id='word_1_119' title='bbox 708 2116 740 2180; x_wconf 91' lang='lat' dir='ltr'>in</span> <span class='ocrx_word' id='word_1_120' title='bbox 761 2117 965 2182; x_wconf 86' lang='lat' dir='ltr'>recentiorem</span> <span class='ocrx_word' id='word_1_121' title='bbox 980 2116 1110 2181; x_wconf 85' lang='lat' dir='ltr'>formam</span> <span class='ocrx_word' id='word_1_122' title='bbox 1130 2135 1179 2182; x_wconf 91' lang='lat' dir='ltr'>re·</span> 
     </span>
     <span class='ocr_line' id='line_1_17' title="bbox 136 2223 1179 2311; baseline -0.002 -20"><span class='ocrx_word' id='word_1_123' title='bbox 136 2226 286 2311; x_wconf 87' lang='lat' dir='ltr'>degisset,</span> <span class='ocrx_word' id='word_1_124' title='bbox 329 2224 462 2290; x_wconf 83' lang='lat' dir='ltr'>deletam</span> <span class='ocrx_word' id='word_1_125' title='bbox 491 2244 567 2290; x_wconf 91' lang='lat' dir='ltr'>esse.</span> <span class='ocrx_word' id='word_1_126' title='bbox 615 2223 692 2289; x_wconf 79' lang='lat' dir='ltr'>(lum</span> <span class='ocrx_word' id='word_1_127' title='bbox 732 2225 838 2290; x_wconf 89' lang='lat' dir='ltr'>autem</span> <span class='ocrx_word' id='word_1_128' title='bbox 873 2225 1015 2292; x_wconf 89' lang='lat' dir='ltr'>omnibus</span> <span class='ocrx_word' id='word_1_129' title='bbox 1051 2223 1179 2306; x_wconf 89' lang='lat' dir='ltr'>1·eliquis</span> 
     </span>
     <span class='ocr_line' id='line_1_18' title="bbox 134 2331 1179 2416; baseline -0.004 -16"><span class='ocrx_word' id='word_1_130' title='bbox 134 2334 225 2413; x_wconf 90' lang='lat' dir='ltr'>locis,</span> <span class='ocrx_word' id='word_1_131' title='bbox 259 2333 370 2416; x_wconf 88' lang='lat' dir='ltr'>quibus</span> <span class='ocrx_word' id='word_1_132' title='bbox 400 2331 525 2399; x_wconf 81' lang='lat' dir='ltr'>Catonis</span> <span class='ocrx_word' id='word_1_133' title='bbox 547 2334 626 2398; x_wconf 85' lang='lat' dir='ltr'>liber</span> <span class='ocrx_word' id='word_1_134' title='bbox 661 2333 785 2412; x_wconf 90' lang='lat' dir='ltr'>citatur,</span> <span class='ocrx_word' id='word_1_135' title='bbox 824 2333 1006 2416; x_wconf 88' lang='lat' dir='ltr'>simpliciter</span> <span class='ocrx_word' id='word_1_136' title='bbox 1040 2332 1179 2397; x_wconf 90' lang='lat' dir='ltr'>dicatur:</span> 
     </span>
     <span class='ocr_line' id='line_1_19' title="bbox 135 2440 1180 2521; baseline -0.004 -14"><span class='ocrx_word' id='word_1_137' title='bbox 135 2443 180 2507; x_wconf 87' lang='lat' dir='ltr'>M.</span> <span class='ocrx_word' id='word_1_138' title='bbox 209 2442 337 2507; x_wconf 89' lang='lat' dir='ltr'>Porcius</span> <span class='ocrx_word' id='word_1_139' title='bbox 377 2440 414 2506; x_wconf 94' lang='lat' dir='ltr'>de</span> <span class='ocrx_word' id='word_1_140' title='bbox 448 2461 482 2506; x_wconf 89' lang='lat' dir='ltr'>re</span> <span class='ocrx_word' id='word_1_141' title='bbox 513 2461 546 2506; x_wconf 91' lang='lat' dir='ltr'>re</span> <span class='ocrx_word' id='word_1_142' title='bbox 573 2441 689 2506; x_wconf 85' lang='lat' dir='ltr'>rustica</span> <span class='ocrx_word' id='word_1_143' title='bbox 726 2440 777 2506; x_wconf 87' lang='lat' dir='ltr'>vel</span> <span class='ocrx_word' id='word_1_144' title='bbox 814 2440 932 2521; x_wconf 88' lang='lat' dir='ltr'>aliquid</span> <span class='ocrx_word' id='word_1_145' title='bbox 970 2440 1080 2519; x_wconf 89' lang='lat' dir='ltr'>simile,</span> <span class='ocrx_word' id='word_1_146' title='bbox 1118 2459 1180 2504; x_wconf 88' lang='lat' dir='ltr'>non</span> 
     </span>
     <span class='ocr_line' id='line_1_20' title="bbox 134 2545 1177 2632; baseline -0.003 -17"><span class='ocrx_word' id='word_1_147' title='bbox 134 2549 253 2615; x_wconf 89' lang='lat' dir='ltr'>additis</span> <span class='ocrx_word' id='word_1_148' title='bbox 273 2550 374 2614; x_wconf 82' lang='lat' dir='ltr'>uerbis</span> <span class='ocrx_word' id='word_1_149' title='bbox 398 2549 449 2628; x_wconf 92' lang='lat' dir='ltr'>,ad</span> <span class='ocrx_word' id='word_1_150' title='bbox 472 2549 582 2613; x_wconf 71' lang='grc' dir='ltr'>11111111ι</span> <span class='ocrx_word' id='word_1_151' title='bbox 606 2548 656 2614; x_wconf 90' lang='grc'>161</span> <span class='ocrx_word' id='word_1_152' title='bbox 692 2549 744 2627; x_wconf 92' lang='lat' dir='ltr'>,ad</span> <span class='ocrx_word' id='word_1_153' title='bbox 780 2549 921 2614; x_wconf 85' lang='lat' dir='ltr'>Marcum</span> <span class='ocrx_word' id='word_1_154' title='bbox 956 2548 1066 2613; x_wconf 86' lang='lat' dir='ltr'>filium‘</span> <span class='ocrx_word' id='word_1_155' title='bbox 1101 2545 1177 2632; x_wconf 81' lang='lat' dir='ltr'>(oie.</span> 
     </span>
     <span class='ocr_line' id='line_1_21' title="bbox 134 2655 1178 2736; baseline -0.002 -14"><span class='ocrx_word' id='word_1_156' title='bbox 134 2658 173 2722; x_wconf 90' lang='lat' dir='ltr'>de</span> <span class='ocrx_word' id='word_1_157' title='bbox 207 2676 270 2722; x_wconf 88' lang='lat' dir='ltr'>sen.</span> <span class='ocrx_word' id='word_1_158' title='bbox 305 2656 373 2736; x_wconf 90' lang='lat' dir='ltr'>XV,</span> <span class='ocrx_word' id='word_1_159' title='bbox 400 2661 452 2722; x_wconf 81' lang='lat'>54.</span> <span class='ocrx_word' id='word_1_160' title='bbox 500 2657 541 2722; x_wconf 94' lang='lat' dir='ltr'>ad</span> <span class='ocrx_word' id='word_1_161' title='bbox 561 2657 658 2721; x_wconf 86' lang='lat' dir='ltr'>Attio.</span> <span class='ocrx_word' id='word_1_162' title='bbox 683 2655 765 2735; x_wconf 88' lang='lat' dir='ltr'>XVI,</span> <span class='ocrx_word' id='word_1_163' title='bbox 805 2660 898 2736; x_wconf 85' lang='lat'>11,4.</span> <span class='ocrx_word' id='word_1_164' title='bbox 942 2657 1021 2724; x_wconf 76' lang='grc'><strong>(1611.</strong></span> <span class='ocrx_word' id='word_1_165' title='bbox 1047 2657 1085 2734; x_wconf 91' lang='lat' dir='ltr'>X,</span> <span class='ocrx_word' id='word_1_166' title='bbox 1114 2656 1178 2721; x_wconf 85' lang='lat'><strong>26..</strong></span> 
     </span>
     <span class='ocr_line' id='line_1_22' title="bbox 137 2764 1177 2844; baseline -0.004 -13"><span class='ocrx_word' id='word_1_167' title='bbox 137 2766 196 2844; x_wconf 95' lang='lat' dir='ltr'>III,</span> <span class='ocrx_word' id='word_1_168' title='bbox 225 2768 276 2830; x_wconf 86' lang='grc'>14.</span> <span class='ocrx_word' id='word_1_169' title='bbox 323 2766 420 2830; x_wconf 91' lang='lat' dir='ltr'>Varro</span> <span class='ocrx_word' id='word_1_170' title='bbox 453 2786 477 2828; x_wconf 93' lang='lat' dir='ltr'>r.</span> <span class='ocrx_word' id='word_1_171' title='bbox 503 2786 527 2828; x_wconf 89' lang='lat' dir='ltr'>r.</span> <span class='ocrx_word' id='word_1_172' title='bbox 564 2766 588 2844; x_wconf 90' lang='lat' dir='ltr'>I,</span> <span class='ocrx_word' id='word_1_173' title='bbox 614 2768 711 2843; x_wconf 60' lang='grc'><strong>128.</strong></span> <span class='ocrx_word' id='word_1_174' title='bbox 759 2764 879 2830; x_wconf 80' lang='lat' dir='ltr'>Colum.</span> <span class='ocrx_word' id='word_1_175' title='bbox 904 2787 928 2830; x_wconf 90' lang='lat' dir='ltr'>r.</span> <span class='ocrx_word' id='word_1_176' title='bbox 953 2785 978 2828; x_wconf 92' lang='lat' dir='ltr'>r.</span> <span class='ocrx_word' id='word_1_177' title='bbox 1016 2766 1040 2842; x_wconf 92' lang='lat' dir='ltr'>I,</span> <span class='ocrx_word' id='word_1_178' title='bbox 1080 2766 1177 2842; x_wconf 80' lang='lat' dir='ltr'>1,1a,</span> 
     </span>
     <span class='ocr_line' id='line_1_23' title="bbox 137 2872 1177 2956; baseline -0.002 -18"><span class='ocrx_word' id='word_1_179' title='bbox 137 2875 231 2939; x_wconf 91' lang='lat' dir='ltr'>Plin.</span> <span class='ocrx_word' id='word_1_180' title='bbox 258 2894 289 2938; x_wconf 88' lang='lat' dir='ltr'>n.</span> <span class='ocrx_word' id='word_1_181' title='bbox 314 2874 343 2938; x_wconf 91' lang='lat' dir='ltr'>h.</span> <span class='ocrx_word' id='word_1_182' title='bbox 366 2874 449 2952; x_wconf 88' lang='lat' dir='ltr'>XIV,</span> <span class='ocrx_word' id='word_1_183' title='bbox 475 2879 505 2938; x_wconf 83' lang='lat'>4.</span> <span class='ocrx_word' id='word_1_184' title='bbox 531 2875 584 2938; x_wconf 84' lang='lat'>44.</span> <span class='ocrx_word' id='word_1_185' title='bbox 631 2875 715 2938; x_wconf 89' lang='lat' dir='ltr'>Plut.</span> <span class='ocrx_word' id='word_1_186' title='bbox 734 2872 801 2938; x_wconf 83' lang='lat' dir='ltr'>Cat.</span> <span class='ocrx_word' id='word_1_187' title='bbox 824 2875 898 2939; x_wconf 87' lang='lat' dir='ltr'>m&#39;ai.</span> <span class='ocrx_word' id='word_1_188' title='bbox 923 2874 1020 2951; x_wconf 90' lang='lat' dir='ltr'>XXV,</span> <span class='ocrx_word' id='word_1_189' title='bbox 1052 2892 1083 2956; x_wconf 87' lang='lat' dir='ltr'>p.</span> <span class='ocrx_word' id='word_1_190' title='bbox 1114 2873 1177 2937; x_wconf 88' lang='lat'>351</span> 
     </span>
     <span class='ocr_line' id='line_1_24' title="bbox 138 2980 1179 3066; baseline -0.005 -17"><span class='ocrx_word' id='word_1_191' title='bbox 138 3002 216 3065; x_wconf 89' lang='lat' dir='ltr'>quos</span> <span class='ocrx_word' id='word_1_192' title='bbox 240 2984 324 3047; x_wconf 90' lang='lat' dir='ltr'>locos</span> <span class='ocrx_word' id='word_1_193' title='bbox 347 2983 491 3048; x_wconf 85' lang='lat' dir='ltr'>Klotnius</span> <span class='ocrx_word' id='word_1_194' title='bbox 515 2982 644 3066; x_wconf 86' lang='lat' dir='ltr'>collegit</span> <span class='ocrx_word' id='word_1_195' title='bbox 666 3003 695 3066; x_wconf 91' lang='lat' dir='ltr'>p.</span> <span class='ocrx_word' id='word_1_196' title='bbox 722 2983 762 3046; x_wconf 84' lang='lat'>19</span> <span class='ocrx_word' id='word_1_197' title='bbox 785 2983 895 3066; x_wconf 79' lang='lat' dir='ltr'>sequ),</span> <span class='ocrx_word' id='word_1_198' title='bbox 918 2982 981 3045; x_wconf 90' lang='lat' dir='ltr'>iam</span> <span class='ocrx_word' id='word_1_199' title='bbox 1001 2980 1071 3045; x_wconf 92' lang='lat' dir='ltr'>inde</span> <span class='ocrx_word' id='word_1_200' title='bbox 1096 2980 1179 3045; x_wconf 87' lang='lat' dir='ltr'>recte</span> 
     </span>
     <span class='ocr_line' id='line_1_25' title="bbox 138 3086 1180 3174; baseline -0.004 -20"><span class='ocrx_word' id='word_1_201' title='bbox 138 3090 297 3155; x_wconf 85' lang='lat' dir='ltr'>concludit</span> <span class='ocrx_word' id='word_1_202' title='bbox 319 3090 463 3155; x_wconf 86' lang='lat' dir='ltr'>Klotzius</span> <span class='ocrx_word' id='word_1_203' title='bbox 484 3090 603 3154; x_wconf 91' lang='lat' dir='ltr'>nullum</span> <span class='ocrx_word' id='word_1_204' title='bbox 628 3093 731 3154; x_wconf 87' lang='lat' dir='ltr'>extare</span> <span class='ocrx_word' id='word_1_205' title='bbox 752 3090 930 3174; x_wconf 88' lang='lat' dir='ltr'>vestigium,</span> <span class='ocrx_word' id='word_1_206' title='bbox 955 3107 1016 3170; x_wconf 93' lang='lat' dir='ltr'>quo</span> <span class='ocrx_word' id='word_1_207' title='bbox 1033 3086 1180 3152; x_wconf 77' lang='lat' dir='ltr'>Catonem</span> 
     </span>
     <span class='ocr_line' id='line_1_26' title="bbox 137 3193 1179 3278; baseline -0.005 -16"><span class='ocrx_word' id='word_1_208' title='bbox 137 3198 218 3262; x_wconf 93' lang='lat' dir='ltr'>hunc</span> <span class='ocrx_word' id='word_1_209' title='bbox 239 3198 352 3262; x_wconf 90' lang='lat' dir='ltr'>librum</span> <span class='ocrx_word' id='word_1_210' title='bbox 376 3198 441 3263; x_wconf 90' lang='lat' dir='ltr'>filio</span> <span class='ocrx_word' id='word_1_211' title='bbox 466 3196 622 3263; x_wconf 85' lang='lat' dir='ltr'>dedicasse</span> <span class='ocrx_word' id='word_1_212' title='bbox 640 3197 843 3262; x_wconf 89' lang='lat' dir='ltr'>confirmetur.</span> <span class='ocrx_word' id='word_1_213' title='bbox 891 3195 980 3261; x_wconf 86' lang='lat' dir='ltr'>Adde</span> <span class='ocrx_word' id='word_1_214' title='bbox 1001 3195 1083 3278; x_wconf 87' lang='lat' dir='ltr'>quod</span> <span class='ocrx_word' id='word_1_215' title='bbox 1098 3193 1179 3260; x_wconf 88' lang='lat' dir='ltr'>teste</span> 
     </span>
     <span class='ocr_line' id='line_1_27' title="bbox 138 3303 1179 3391; baseline -0.005 -21"><span class='ocrx_word' id='word_1_216' title='bbox 138 3305 242 3370; x_wconf 89' lang='lat' dir='ltr'>Keilio</span> <span class='ocrx_word' id='word_1_217' title='bbox 267 3305 309 3388; x_wconf 83' lang='lat' dir='ltr'>(p.</span> <span class='ocrx_word' id='word_1_218' title='bbox 337 3306 402 3391; x_wconf 84' lang='lat'>66).</span> <span class='ocrx_word' id='word_1_219' title='bbox 433 3326 448 3371; x_wconf 92' lang='lat' dir='ltr'>e</span> <span class='ocrx_word' id='word_1_220' title='bbox 469 3307 558 3370; x_wconf 91' lang='lat' dir='ltr'>libris</span> <span class='ocrx_word' id='word_1_221' title='bbox 582 3325 654 3372; x_wconf 89' lang='lat' dir='ltr'>mss.</span> <span class='ocrx_word' id='word_1_222' title='bbox 681 3305 816 3388; x_wconf 90' lang='lat' dir='ltr'>optimus</span> <span class='ocrx_word' id='word_1_223' title='bbox 840 3304 970 3386; x_wconf 87' lang='lat' dir='ltr'>quisque</span> <span class='ocrx_word' id='word_1_224' title='bbox 992 3303 1023 3366; x_wconf 90' lang='lat' dir='ltr'>in</span> <span class='ocrx_word' id='word_1_225' title='bbox 1048 3321 1082 3368; x_wconf 91' lang='lat' dir='ltr'>eo</span> <span class='ocrx_word' id='word_1_226' title='bbox 1106 3320 1179 3367; x_wconf 92' lang='lat' dir='ltr'>oon-</span> 
     </span>
     <span class='ocr_line' id='line_1_28' title="bbox 140 3409 1180 3495; baseline -0.003 -19"><span class='ocrx_word' id='word_1_227' title='bbox 140 3415 244 3493; x_wconf 89' lang='lat' dir='ltr'>sent&#39;t,</span> <span class='ocrx_word' id='word_1_228' title='bbox 277 3415 313 3479; x_wconf 93' lang='lat' dir='ltr'>ut</span> <span class='ocrx_word' id='word_1_229' title='bbox 342 3415 386 3478; x_wconf 90' lang='lat' dir='ltr'>M.</span> <span class='ocrx_word' id='word_1_230' title='bbox 412 3413 528 3478; x_wconf 90' lang='lat' dir='ltr'>Porci</span> <span class='ocrx_word' id='word_1_231' title='bbox 554 3412 720 3477; x_wconf 81' lang='lat' dir='ltr'>Catonis</span> <span class='ocrx_word' id='word_1_232' title='bbox 745 3412 789 3477; x_wconf 92' lang='lat' dir='ltr'>de</span> <span class='ocrx_word' id='word_1_233' title='bbox 814 3410 1074 3495; x_wconf 85' lang='lat' dir='ltr'>agricultura</span> <span class='ocrx_word' id='word_1_234' title='bbox 1100 3409 1180 3474; x_wconf 89' lang='lat' dir='ltr'>liber</span> 
     </span>
     <span class='ocr_line' id='line_1_29' title="bbox 139 3515 1178 3613; baseline -0.008 -25"><span class='ocrx_word' id='word_1_235' title='bbox 139 3524 307 3608; x_wconf 86' lang='lat' dir='ltr'>inscriptus</span> <span class='ocrx_word' id='word_1_236' title='bbox 332 3523 373 3587; x_wconf 93' lang='lat' dir='ltr'>sit</span> <span class='ocrx_word' id='word_1_237' title='bbox 397 3523 483 3613; x_wconf 89' lang='lat' dir='ltr'>(Keil</span> <span class='ocrx_word' id='word_1_238' title='bbox 506 3543 534 3604; x_wconf 90' lang='lat' dir='ltr'>p.</span> <span class='ocrx_word' id='word_1_239' title='bbox 560 3523 615 3606; x_wconf 77' lang='lat'>67)</span> <span class='ocrx_word' id='word_1_240' title='bbox 652 3539 722 3584; x_wconf 92' lang='lat' dir='ltr'>uam</span> <span class='ocrx_word' id='word_1_241' title='bbox 746 3520 828 3600; x_wconf 92' lang='lat' dir='ltr'>quod</span> <span class='ocrx_word' id='word_1_242' title='bbox 850 3520 882 3582; x_wconf 91' lang='lat' dir='ltr'>in</span> <span class='ocrx_word' id='word_1_243' title='bbox 912 3518 1055 3601; x_wconf 89' lang='lat' dir='ltr'>pessimis</span> <span class='ocrx_word' id='word_1_244' title='bbox 1090 3515 1178 3581; x_wconf 91' lang='lat' dir='ltr'>codd.</span> 
     </span>
     <span class='ocr_line' id='line_1_30' title="bbox 141 3624 1179 3710; baseline -0.012 -12"><span class='ocrx_word' id='word_1_245' title='bbox 141 3633 259 3698; x_wconf 89' lang='lat' dir='ltr'>Veneto</span> <span class='ocrx_word' id='word_1_246' title='bbox 274 3632 306 3695; x_wconf 91' lang='grc'><strong>61</strong></span> <span class='ocrx_word' id='word_1_247' title='bbox 318 3631 523 3696; x_wconf 87' lang='lat' dir='ltr'>Ottoboniano</span> <span class='ocrx_word' id='word_1_248' title='bbox 549 3629 590 3694; x_wconf 91' lang='lat' dir='ltr'>ad</span> <span class='ocrx_word' id='word_1_249' title='bbox 606 3628 672 3694; x_wconf 87' lang='grc'><strong>1111</strong></span> <span class='ocrx_word' id='word_1_250' title='bbox 683 3648 743 3692; x_wconf 92' lang='lat' dir='ltr'>um</span> <span class='ocrx_word' id='word_1_251' title='bbox 756 3627 835 3692; x_wconf 91' lang='lat' dir='ltr'>liber</span> <span class='ocrx_word' id='word_1_252' title='bbox 850 3626 1017 3710; x_wconf 87' lang='lat' dir='ltr'>inscriptus</span> <span class='ocrx_word' id='word_1_253' title='bbox 1034 3625 1090 3701; x_wconf 91' lang='lat' dir='ltr'>est,</span> <span class='ocrx_word' id='word_1_254' title='bbox 1114 3624 1179 3687; x_wconf 87' lang='lat' dir='ltr'>sine</span> 
     </span>
    </p>
   </div>
   <div class='ocr_carea' id='block_1_3' title="bbox 115 3726 1181 4151">
    <p class='ocr_par' dir='ltr' id='par_1_4' title="bbox 115 3726 1181 4151">
     <span class='ocr_line' id='line_1_31' title="bbox 143 3726 1181 3823; baseline -0.01 -19"><span class='ocrx_word' id='word_1_255' title='bbox 143 3739 234 3806; x_wconf 88' lang='lat' dir='ltr'>dubio</span> <span class='ocrx_word' id='word_1_256' title='bbox 256 3760 311 3823; x_wconf 86' lang='lat' dir='ltr'>per</span> <span class='ocrx_word' id='word_1_257' title='bbox 333 3740 495 3804; x_wconf 89' lang='lat' dir='ltr'>librarium</span> <span class='ocrx_word' id='word_1_258' title='bbox 519 3726 654 3820; x_wconf 89' lang='lat' dir='ltr'>aliquem</span> <span class='ocrx_word' id='word_1_259' title='bbox 678 3735 812 3813; x_wconf 89' lang='lat' dir='ltr'>doctum,</span> <span class='ocrx_word' id='word_1_260' title='bbox 839 3734 892 3816; x_wconf 92' lang='lat' dir='ltr'>qui</span> <span class='ocrx_word' id='word_1_261' title='bbox 910 3734 996 3798; x_wconf 92' lang='lat' dir='ltr'>illius</span> <span class='ocrx_word' id='word_1_262' title='bbox 1009 3729 1181 3797; x_wconf 83' lang='lat' dir='ltr'>Seruiiloci</span> 
     </span>
     <span class='ocr_line' id='line_1_32' title="bbox 142 3836 1181 3925; baseline -0.013 -11"><span class='ocrx_word' id='word_1_263' title='bbox 142 3848 331 3925; x_wconf 84' lang='lat' dir='ltr'>meminerat,</span> <span class='ocrx_word' id='word_1_264' title='bbox 378 3866 417 3912; x_wconf 84' lang='lat' dir='ltr'>ex</span> <span class='ocrx_word' id='word_1_265' title='bbox 467 3846 643 3912; x_wconf 89' lang='lat' dir='ltr'>coniectura</span> <span class='ocrx_word' id='word_1_266' title='bbox 676 3844 793 3909; x_wconf 85' lang='lat' dir='ltr'>factum</span> <span class='ocrx_word' id='word_1_267' title='bbox 825 3845 881 3910; x_wconf 91' lang='lat' dir='ltr'>est.</span> <span class='ocrx_word' id='word_1_268' title='bbox 930 3839 1062 3906; x_wconf 87' lang='lat' dir='ltr'>Accedit</span> <span class='ocrx_word' id='word_1_269' title='bbox 1099 3836 1181 3920; x_wconf 91' lang='lat' dir='ltr'>quod</span> 
     </span>
     <span class='ocr_line' id='line_1_33' title="bbox 115 3945 1180 4039; baseline -0.019 -9"><span class='ocrx_word' id='word_1_270' title='bbox 115 3955 269 4030; x_wconf 79' lang='lat' dir='ltr'>,catonis</span> <span class='ocrx_word' id='word_1_271' title='bbox 288 3956 461 4039; x_wconf 86' lang='lat' dir='ltr'>complures</span> <span class='ocrx_word' id='word_1_272' title='bbox 492 3955 552 4020; x_wconf 89' lang='grc'><strong>1611</strong></span> <span class='ocrx_word' id='word_1_273' title='bbox 582 3955 725 4030; x_wconf 87' lang='lat' dir='ltr'>citantur,</span> <span class='ocrx_word' id='word_1_274' title='bbox 762 3949 816 4033; x_wconf 81' lang='lat' dir='ltr'>qui</span> <span class='ocrx_word' id='word_1_275' title='bbox 844 3951 943 4034; x_wconf 91' lang='lat' dir='ltr'>primo</span> <span class='ocrx_word' id='word_1_276' title='bbox 979 3948 1091 4014; x_wconf 91' lang='lat' dir='ltr'>obtutu</span> <span class='ocrx_word' id='word_1_277' title='bbox 1117 3945 1180 4010; x_wconf 90' lang='lat' dir='ltr'>siue</span> 
     </span>
     <span class='ocr_line' id='line_1_34' title="bbox 145 4053 1180 4151; baseline -0.013 -21"><span class='ocrx_word' id='word_1_278' title='bbox 145 4065 236 4134; x_wconf 92' lang='lat' dir='ltr'>dubio</span> <span class='ocrx_word' id='word_1_279' title='bbox 258 4066 297 4132; x_wconf 88' lang='lat' dir='ltr'>ad</span> <span class='ocrx_word' id='word_1_280' title='bbox 313 4065 534 4151; x_wconf 85' lang='lat' dir='ltr'>agriculturam</span> <span class='ocrx_word' id='word_1_281' title='bbox 549 4059 699 4128; x_wconf 85' lang='lat' dir='ltr'>referendi</span> <span class='ocrx_word' id='word_1_282' title='bbox 723 4065 796 4124; x_wconf 88' lang='lat' dir='ltr'>suut</span> <span class='ocrx_word' id='word_1_283' title='bbox 818 4078 916 4140; x_wconf 89' lang='lat' dir='ltr'>neque</span> <span class='ocrx_word' id='word_1_284' title='bbox 933 4055 1084 4122; x_wconf 90' lang='lat' dir='ltr'>tamenin</span> <span class='ocrx_word' id='word_1_285' title='bbox 1101 4053 1180 4118; x_wconf 91' lang='lat' dir='ltr'>libro</span> 
     </span>
    </p>
   </div>
   <div class='ocr_carea' id='block_1_4' title="bbox 0 0 1496 4710">
    <p class='ocr_par' dir='ltr' id='par_1_5' title="bbox 0 0 1496 4710">
     <span class='ocr_line' id='line_1_35' title="bbox 0 0 1496 4710; baseline 0 0"><span class='ocrx_word' id='word_1_286' title='bbox 0 0 1496 4710; x_wconf 95' lang='lat' dir='ltr'> </span> 
     </span>
    </p>
   </div>
  </div>
 </body>
</html>
